@InProceedings{cariou-ecmfa11,
  author = 	 {Eric Cariou and Cyril Ballagny and Alexandre Feugas and Franck Barbier},
  title = 	 {{Contracts for Model Execution Verification}},
  OPTcrossref =  {},
  OPTkey = 	 {},
  OPTbooktitle = {ECMFA~'11},
  booktitle =    {Seventh European Conference on Modelling Foundations and Applications (ECMFA '11)},
  OPTpages = 	 {3--18},
  year = 	 {2011},
  OPTeditor = 	 {},
  volume = 	 {6698},
  OPTnumber = 	 {},
  series = 	 {LNCS},
  OPTaddress = 	 {},
  OPTmonth = 	 {},
  OPTorganization = {},
  publisher = {Springer},
  OPTnote = 	 {},
  OPTannote = 	 {}
}


@TechReport{cariou-contrats-transfo-2004,
  author = 	 {Eric Cariou and Raph\"el Marvie and Lionel Seinturier and Laurence Duchien},
  title = 	 {{Model Tranformation Contracts and their Definition in UML and OCL}},
  institution =  {LIFL},
  year = 	 {2004},
  OPTkey = 	 {},
  OPTtype = 	 {},
  number = 	 {2004-08},
  OPTaddress = 	 {},
  month = 	 {April},
  OPTnote = 	 {},
  OPTannote = 	 {}
}

@Misc{cariou-ocl-mde-uml2004,
  OPTkey = 	 {},
  author = 	 {Eric Cariou and Rapha\"el Marvie and Lionel Seinturier and Laurence Duchien},
  title = 	 {{OCL for the Specification of Model Transformation Contracts}},
  OPThowpublished = {Workshop OCL and Model Driven Engineering of the Seventh International Conference on UML Modeling Languages and Applications (UML 2004)},
   howpublished = {Workshop OCL and Model Driven Engineering, UML 2004},
  OPTmonth = 	 {October},
  year = 	 {2004},
  OPTnote = 	 {},
  OPTannote = 	 {}
}

@Misc{otam-rapport-master,
  OPTkey = 	 {},
  author = 	 {Didier Otam},
  title = 	 {XXXXXXXXXXXXXXXXXXXX - Rapport de Master TI Recherche - Université de Pau et des Pays de l'Adour},
  OPThowpublished = {},
  month = 	 {June},
  year = 	 {2005},
  OPTnote = 	 {},
  OPTannote = 	 {}
}


@Article{componentsContract-computer99,
  author =       {Beugnard, Antoine and J\'ez\'equel, Jean-Marc and Plouzeau, No\"el and Watkins, Damien},
  title =        {{Making Components Contract Aware}},
  journal =      {IEEE Computer},
  year =         {1999},
  OPTkey =       {},
  volume =    {32},
  number =    {7},
  OPTpublisher = {IEEE Computer Society Press},
  pages =        {38--45},
  OPTmonth =        {July},
  OPTnote =      {},
  OPTannote =    {}
}


@Article{Meyer92b,
author =       "Bertrand Meyer",
title =        "{{Applying {``}Design by Contract{''}}}",
journal =      "IEEE Computer (Special Issue on Inheritance \&  Classification)",
volume =       "25",
number =       "10",
pages =        "40--52",
OPTmonth =        "October",
year =         "1992"
}



@InProceedings{pons-models06,
  author = 	 {Pons, Claudia and Garcia, Diego },
  title = 	 {{An OCL-Based Technique for Specifying and Verifying Refinement-Oriented Transformations in MDE}},
  OPTcrossref =  {},
  OPTkey = 	 {},
 booktitle = {Model Driven Engineering Languages and Systems (MoDELS 2006)},
 OPTbooktitle = {MoDELS 2006},
  OPTpages = 	 {},
  year = 	 {2006},
  OPTeditor = 	 {Oscar Nierstrasz and Jon Whittle and David Harel and Gianna Reggi},
  volume = 	 {4199},
  OPTnumber = 	 {},
  series = 	 {LNCS},
  OPTaddress = 	 {},
  OPTmonth = 	 {},
  OPTorganization = {},
  publisher = {Springer},
  OPTnote = 	 {},
  OPTannote = 	 {}
}

@INPROCEEDINGS{baudry06b,
  author = {Baudry, Benoit and Dinh-Trong, Trung and Mottu, Jean-Marie and Simmonds,
	Devon and France, Robert and Ghosh, Sudipto and Fleurey, Franck and
	Le Traon, Yves},
  title = {{Model Transformation Testing Challenges}},
  booktitle = {ECMDA workshop on Integration of Model Driven Development and Model
	Driven Testing.},
  year = {2006},
  OPTaddress = {Bilbao, Spain},
  month = Jul
}
 

@INPROCEEDINGS{Mottu06b,
  author = {Mottu, Jean-Marie and Baudry, Benoit and Le~Traon, Yves},
  title = {{Reusable MDA Components: A Testing-for-Trust Approach}},
  OPTbooktitle = {Model Driven Engineering Languages and Systems (MoDELS 2006)},
  OPTbooktitle = {MoDELS 2006},
 booktitle = {9th International Conference on Model Driven Engineering Languages and Systems (MoDELS '06)},
  OPTpages = 	 {},
  year = 	 {2006},
  OPTeditor = 	 {Oscar Nierstrasz and Jon Whittle and David Harel and Gianna Reggi},
  volume = 	 {4199},
  series = 	 {LNCS}, 
  publisher = {Springer}
}


@PhdThesis{VanGropPhD,
  author = 	 {Van Gorp, Pieter},
  title = 	 {{Model-Driven Development of Model Transformations}},
  school = 	 {University of Antwerp, Dept. of Mathematics and Computer Science},
  year = 	 {2008},
  OPTkey = 	 {},
  OPTtype = 	 {},
  OPTaddress = 	 {},
  OPTmonth = 	 {},
  OPTnote = 	 {},
  OPTannote = 	 {}
}



@MISC{qvt,
    Author         = {OMG},
    Key            = {OMG},
    Note           = {\texttt{http://www.omg.org/spec/QVT/1.0/}},
    Title          = {{Meta Object Facility (MOF) 2.0 Query/View/Transformation Specification, version~1.0}},
    Year           = {2008}
}

@MISC{ocl,
    Author         = {OMG},
    Key            = {OMG},
    Note           = {\\ \texttt{http://www.omg.org/spec/OCL/2.2/}},
    Title          = {{Object Constraint Language (OCL) Specification, version~2.2}},
    Year           = {2010}
}

@inproceedings{song07,
 author = {Hui Song and Yanchun Sun and Li Zhou and Gang Huang},
 title = {{Towards Instant Automatic Model Refinement Based on OCL}},
 OPTbooktitle = {APSEC '07: Proceedings of the 14th Asia-Pacific Software Engineering Conference},
 booktitle = {APSEC '07},
 year = {2007},
 isbn = {0-7695-3057-5},
 pages = {167--174},
 publisher = {IEEE Computer Society},
 }

@InProceedings{bezivin-OCL-ATL-05,
  author = 	 {Jean B\'ezivin and Fr\'ed\'eric Jouault},
  title = 	 {{Using ATL for Checking Models}},
  booktitle =  {Intl. Workshop on Graph and Model Transformation (GraMoT 2005)},
  OPTbooktitle =  {GraMoT 2005 workshop},
  OPTcrossref =  {},
  OPTkey = 	 {},
  OPTpages = 	 {69 - 81},
  year = 	 {2005},
  OPTeditor = 	 {},
  volume = 	 {152},
  OPTnumber = 	 {},
  series = 	 {ENTCS},
  OPTaddress = 	 {},
  OPTmonth = 	 {},
  OPTorganization = {},
  OPTpublisher = {},
  OPTnote = 	 {},
  OPTannote = 	 {}
}

@article{Akehurst03,
  author    = {David H. Akehurst and
               Stuart Kent and
               Octavian Patrascoiu},
  title     = {A relational approach to defining and implementing transformations
               between metamodels},
  journal   = {Software and System Modeling},
  volume    = {2},
  number    = {4},
  year      = {2003},
  pages     = {215-239},
 
}

@InProceedings{idm09,
  author = 	 {Eric Cariou and Nicolas Belloir and Franck Barbier},
  title = 	 {Contrats de transformations pour la validation de raffinement de modèles \textit{(in french)}},
  booktitle = 	 {$5^\mathrm{\grave{e}mes}$ journées sur l'Ingénierie Dirigée par les Modèles (IDM 09)},
  OPTcrossref =  {},
  OPTkey = 	 {},
  OPTpages = 	 {},
  year = 	 {2009},
  OPTeditor = 	 {},
  OPTvolume = 	 {},
  OPTnumber = 	 {},
  OPTseries = 	 {},
  OPTaddress = 	 {},
  OPTmonth = 	 {},
  OPTorganization = {},
  OPTpublisher = {},
  OPTnote = 	 {},
  OPTannote = 	 {}
}

@Article{neptuneGL08,
  author = 	 {Thierry Milan and Laurent Sabatier and Pierre Bazex and Christian Percebois},
  title = 	 {{NEPTUNE II}, une plate-forme pour la vérification et la transformation de modèles},
  journal = 	 {Génie Logiciel},
  year = 	 {2008},
  OPTkey = 	 {},
  OPTvolume = 	 {},
  number = 	 {85},
  OPTpages = 	 {},
  OPTmonth = 	 {June},
  OPTnote = 	 {},
  OPTannote = 	 {}
}

@article{NarayananKarsai2008,
 author = {Narayanan, Anantha and Karsai, Gabor},
 title = {Towards Verifying Model Transformations},
 journal = {Electron. Notes Theor. Comput. Sci.},
 volume = {211},
 year = {2008},
 OPTissn = {1571-0661},
 OPTpages = {191--200},
 OPTdoi = {http://dx.doi.org/10.1016/j.entcs.2008.04.041},
 publisher = {Elsevier Science Publishers B. V.},
 OPTaddress = {Amsterdam, The Netherlands, The Netherlands},
 }

@MISC{Varro02towardsformal,
    author = {Daniel Varro},
    title = {Towards Formal Verification Of Model Transformations},
    year = {2002}
}

@inproceedings{1440225,
 author = {Kolovos, Dimitrios S.},
 title = {Unit Testing Model Management Operations},
 booktitle = {ICSTW '08: Proceedings of the 2008 IEEE International Conference on Software Testing Verification and Validation Workshop},
 year = {2008},
 isbn = {978-0-7695-3388-9},
 pages = {97--104},
 doi = {http://dx.doi.org/10.1109/ICSTW.2008.50},
 publisher = {IEEE Computer Society},
 OPTaddress = {Washington, DC, USA},
 }


@InProceedings{cariou-ocl09,
  author = 	 {Cariou, Eric and Belloir, Nicolas and Barbier, Franck and Djemam, Nidal},
  title = 	 {{OCL Contracts for the Verification of Model Transformations}},
  booktitle = 	 {OCL Workshop at MoDELS 2009},
  OPTcrossref =  {},
  OPTkey = 	 {},
  OPTpages = 	 {},
  year = 	 {2009},
  OPTeditor = 	 {},
  volume = 	 {24},
  OPTnumber = 	 {},
  OPTseries = 	 {},
  OPTaddress = 	 {},
  OPTmonth = 	 {},
  OPTorganization = {},
  publisher = {EC-EASST},
  OPTnote = 	 {},
  OPTannote = 	 {}
}

@Article{combemale-jos09,
  author = 	 {Combemale, Beno\^it and Cr\'egut, Xavier and Garoche, Pierre-Lo\¨ic and Thirioux Xavier},
  title = 	 {{Essay on Semantics Definition in MDE -- An Instrumented Approach for Model Verification}},
  journal = 	 {Journal of Software},
  year = 	 {2009},
  OPTkey = 	 {},
  volume = 	 {4},
  number = 	 {9},
  OPTpages = 	 {},
  OPTmonth = 	 {},
  OPTnote = 	 {},
  OPTannote = 	 {},
}



@Article{letraon-tse06,
  author = 	 {Le Traon, Yves and Baudry, Benoit and J\'ez\'equel, Jean-Marc },
  title = 	 {{Design by Contract to improve Software Vigilance}},
  journal  = 	 {IEEE Transaction on Software Engineering},
  year = 	 {2006},
  OPTkey = 	 {},
  volume = 	 {32},
  number = 	 {8},
  OPTpages = 	 {},
  OPTmonth = 	 {},
  OPTnote = 	 {},
  OPTannote = 	 {}
}


@InProceedings{boronat-fase09,
  author = 	 {Boronat, Artur and Heckel, Reiko and Meseguer, Jos\'e},
  title = 	 {{Rewriting Logic Semantics and Verification of Model Transformations}},
  OPTbooktitle = 	 {FASE 2009},
  booktitle = {FASE '09: Proceedings of the 12th International Conference on Fundamental Approaches to Software Engineering},
  OPTcrossref =  {},
  OPTkey = 	 {},
  OPTpages = 	 {},
  year = 	 {2009},
  OPTeditor = 	 {},
  volume = 	 {5503},
  OPTnumber = 	 {},
  series = 	 {LNCS},
  OPTaddress = 	 {},
  OPTmonth = 	 {},
  OPTorganization = {},
  publisher = {Springer},
  OPTnote = 	 {},
  OPTannote = 	 {}
}



@InProceedings{winner-dsm09,
  author = 	 {Wimmer, M. and Kappel, G. and Kusel, A. and Retschitzegger, W. and Schoenboeck, J. and Schwinger, W.},
  title = 	 {{Right or Wrong? -- Verification of Model Transformations using Colored Petri Nets}},
  booktitle = 	 {9th OOPSLA Workshop on Domain-Specific Modeling (DSM´09)},
  OPTcrossref =  {},
  OPTkey = 	 {},
  OPTpages = 	 {},
  year = 	 {2009},
  OPTeditor = 	 {},
  OPTvolume = 	 {},
  OPTnumber = 	 {},
  OPTseries = 	 {},
  OPTaddress = 	 {},
  OPTmonth = 	 {},
  OPTorganization = {},
  OPTpublisher = {},
  OPTnote = 	 {},
  OPTannote = 	 {}
}

@Misc{uml,
  OPTkey = 	 {},
  author = 	 {OMG},
  title = 	 {{Unified Modeling Language (UML) Specification, version 2.2}},
  OPThowpublished = {},
  OPTmonth = 	 {Feb.},
  year = 	 {2009},
  note = 	 {\\ \texttt{http://www.omg.org/spec/UML/2.2/}},
  OPTannote = 	 {}
}



@InProceedings{chen-ecmda05,
  author = 	 {Chen, Kai and Sztipanovits, Janos and  Abdelwalhed, Sherif and Jackson, Ethan},
  title = 	 {{Semantic Anchoring with Model Transformations}},
  OPTbooktitle = 	 {ECMDA-FA},
  booktitle = {First European Conference on Model Driven Architecture® Foundations and Applications (ECMDA-FA '05)},
  OPTcrossref =  {},
  OPTkey = 	 {},
  OPTpages = 	 {},
  year = 	 {2005},
  OPTeditor = 	 {},
  volume = 	 {3748},
  OPTnumber = 	 {},
  series = 	 {LNCS},
  OPTaddress = 	 {},
  OPTmonth = 	 {},
  OPTorganization = {},
  publisher =    {Springer},
  OPTnote = 	 {},
  OPTannote = 	 {}
}

@ARTICLE{Baudry09x,
author = {Baudry, Benoit and Ghosh, Sudipto and Fleurey, Franck and France, Robert and Le Traon, Yves and Mottu, Jean-Marie},
title = {Barriers to Systematic Model Transformation Testing},
journal = {Communications of the ACM},
year = {2009}
}

@inproceedings{BHB09,
 author = {Ballagny, Cyril and Hameurlain, Nabil and Barbier, Franck},
 title = {{MOCAS: A State-Based Component Model for Self-Adaptation}},
 booktitle = {Third IEEE International Conference on Self-Adaptive and
                  Self-Organizing Systems (SASO '09)},
 year = {2009},
 OPTisbn = {978-0-7695-3794-8},
 OPTpages = {206--215},
 OPTdoi = {http://dx.doi.org/10.1109/SASO.2009.11},
 publisher = {IEEE Computer Society},
 OPTaddress = {Washington, DC, USA},
 }


@article{uml2-france-computer06,
 author = {France, Robert B. and Ghosh, Sudipto and Dinh-Trong, Trung and Solberg, Arnor},
 title = {{Model-Driven Development Using UML 2.0: Promises and Pitfalls}},
 journal = {IEEE Computer},
 volume = {39},
 number = {2},
 year = {2006},
 OPTissn = {0018-9162},
 OPTpages = {59},
 OPTdoi = {http://dx.doi.org/10.1109/MC.2006.65},
 OPTpublisher = {IEEE Computer Society Press},
 OPTaddress = {Los Alamitos, CA, USA},
 }


@article{crane-statecharts-sosym07,
    author = {Crane, Michelle L. and Dingel, Juergen},
    OPTdoi = {10.1007/s10270-006-0042-8},
    howpublished = {{}, scholar={3524794103107611546}},
    OPTissn = {1619-1366},
    journal = {Software and Systems Modeling},
    OPTkeywords = {statecharts, uml},
    OPTmonth = {December},
    number = {4},
    OPTpages = {415--435},
    OPTposted-at = {2007-10-18 08:49:03},
    priority = {2},
    title = {{UML vs. Classical vs. Rhapsody Statecharts: not all Models are created Equal}},
    OPTurl = {http://dx.doi.org/10.1007/s10270-006-0042-8},
    volume = {6},
    year = {2007},
    publisher= {Springer}
}






@InProceedings{engels00,
  author = 	 {Engels, Gregor and  Hausmann, Jan Hendrik and Heckel, Reiko and Sauer, Stefan},
  title = 	 {{Meta-Modeling: A Graphical Approach to the Operational Semantics of Behavioral
Diagrams in UML}},
  OPTcrossref =  {},
  OPTkey = 	 {},
  booktitle = {{the 3rd international conference on the Unified Modeling Language (UML 2000)}},
  OPTpages = 	 {323--337},
  year = 	 {2000},
  OPTeditor = 	 {},
  volume = 	 {1939},
  OPTnumber = 	 {},
  series = 	 {LNCS},
  OPTaddress = 	 {},
  OPTmonth = 	 {},
  OPTorganization = {},
  publisher = {Springer},
  OPTnote = 	 {},
  OPTannote = 	 {}
}



@InProceedings{pons00,
  author = 	 {Pons, Claudia and Baum, Gabriel},
  title = 	 {{Formal Foundations of Object-Oriented Modeling Notations}},
  OPTcrossref =  {},
  OPTkey = 	 {},
  booktitle = {{3rd International Conference on Formal Engineering Methods (ICFEM 2000)}},
  OPTpages = 	 {101--110},
  year = 	 {2000},
  OPTeditor = 	 {},
  OPTvolume = 	 {},
  OPTnumber = 	 {},
  OPTseries = 	 {},
  OPTaddress = 	 {},
  OPTmonth = 	 {},
  OPTorganization = {},
  publisher = {IEEE},
  OPTnote = 	 {},
  OPTannote = 	 {}
}


@PhdThesis{hausmannPhD,
  author = 	 {Hausmann, Jan Hendrik},
  title = 	 {Dynamic Meta Modeling: A Semantics Description Technique for Visual Modeling Languages},
  school = 	 {University of Paderborn},
  year = 	 {2005},
  OPTkey = 	 {},
  OPTtype = 	 {},
  OPTaddress = 	 {},
  OPTmonth = 	 {},
  OPTnote = 	 {},
  OPTannote = 	 {}
}


@Misc{fUML,
  key = 	 {OMG},
  author = 	 {OMG},
  title = 	 {{Semantics of a Foundational Subset for Executable UML Models (fUML), version 1.0}},
  OPThowpublished = {},
  OPTmonth = 	 {},
  year = 	 {2011},
  note = 	 {\texttt{http://www.omg.org/spec/FUML/1.0/}},
  OPTannote = 	 {}
}

@article{mart-computer09,
  author    = {Gordon S. Blair and
               Nelly Bencomo and
               Robert B. France},
  title     = {Models@run.time},
  journal   = {IEEE Computer},
  volume    = {42},
  number    = {10},
  year      = {2009},
  pages     = {22-27},
  OPTee        = {http://doi.ieeecomputersociety.org/10.1109/MC.2009.326},
  OPTbibsource = {DBLP, http://dblp.uni-trier.de}
}






@article{salehie09,
 author = {Salehie, Mazeiar and Tahvildari, Ladan},
 title = {{Self-adaptive software: Landscape and research challenges}},
 journal = {ACM Trans. Auton. Adapt. Syst.},
 OPTissue_date = {May 2009},
 volume = {4},
 issue = {2},
 OPTmonth = {May},
 year = {2009},
 issn = {1556-4665},
 pages = {14:1--14:42},
 articleno = {14},
 numpages = {42},
 url = {http://doi.acm.org/10.1145/1516533.1516538},
 doi = {http://doi.acm.org/10.1145/1516533.1516538},
 acmid = {1516538},
 publisher = {ACM},
 OPTaddress = {New York, NY, USA},
 keywords = {Adaptation processes, research challenges, self-adaptive software, self-properties, survey},
} 


@article{cheng09, 
title={{Software Engineering for Self-Adaptive Systems: A Research Roadmap}}, 
volume={5525}, 
OPTurl={http://discovery.ucl.ac.uk/167963/}, 
number={08031}, 
journal={Software Engineering for SelfAdaptive Systems}, 
publisher={Springer}, 
author={Cheng, B H C and De Lemos, R and Giese, H and Inverardi, P and Magee, J and Andersson, J and Becker, B and Bencomo, N and Brun, Y and Cukic, B and et al.}, 
OPTeditor={Cheng, Betty and De Lemos, Rogério and Giese, Holger and Inverardi, Paola and Magee, JeffEditors}, 
year={2009},
 pages={1--26}
}

@article{dobson10,
  author    = {Simon Dobson and
               Roy Sterritt and
               Paddy Nixon and
               Mike Hinchey},
  title     = {{Fulfilling the Vision of Autonomic Computing}},
  journal   = {IEEE Computer},
  volume    = {43},
  number    = {1},
  year      = {2010},
  pages     = {35-41},
  ee        = {http://doi.ieeecomputersociety.org/10.1109/MC.2010.14},
  bibsource = {DBLP, http://dblp.uni-trier.de}
}

@inproceedings{france07,
 author = {France, Robert and Rumpe, Bernhard},
 title = {{Model-driven Development of Complex Software: A Research Roadmap}},
 booktitle = {FOSE~'07},
 OPTseries = {FOSE '07},
 year = {2007},
 OPTisbn = {0-7695-2829-5},
 OPTpages = {37--54},
 OPTnumpages = {18},
 OPTurl = {http://dx.doi.org/10.1109/FOSE.2007.14},
 OPTdoi = {http://dx.doi.org/10.1109/FOSE.2007.14},
 OPTacmid = {1254709},
 publisher = {IEEE Computer Society},
 OPTaddress = {Washington, DC, USA},
} 

@inproceedings{zhang06,
 author = {Zhang, Ji and Cheng, Betty H. C.},
 title = {{Model-based development of dynamically adaptive software}},
 booktitle = {ICSE '06},
 OPTseries = {ICSE '06},
 year = {2006},
 OPTisbn = {1-59593-375-1},
 OPTlocation = {Shanghai, China},
 OPTpages = {371--380},
 OPTnumpages = {10},
 OPTurl = {http://doi.acm.org/10.1145/1134285.1134337},
 OPTdoi = {http://doi.acm.org/10.1145/1134285.1134337},
 OPTacmid = {1134337},
 publisher = {ACM},
 OPTaddress = {New York, NY, USA},
 OPTkeywords = {autonomic computing, dynamic adaptation, formal specification, global invariants, reliability, verification},
} 

@inproceedings{fleurey09,
 author = {Fleurey, Franck and Solberg, Arnor},
 title = {{A Domain Specific Modeling Language Supporting Specification, Simulation and Execution of Dynamic Adaptive Systems}},
 booktitle = {MODELS~'09},
 series = {LNCS},
 year = {2009},
 volume= {5795},
 OPTisbn = {978-3-642-04424-3},
 OPTlocation = {Denver, CO},
 OPTpages = {606--621},
 OPTnumpages = {16},
 OPTurl = {http://dx.doi.org/10.1007/978-3-642-04425-0_47},
 OPTdoi = {http://dx.doi.org/10.1007/978-3-642-04425-0_47},
 OPTacmid = {1691383},
 publisher = {Springer},
 OPTaddress = {Berlin, Heidelberg},
} 

@article{floch06,
  added-at = {2009-11-25T18:41:14.000+0100},
  author = {Floch, Jacqueline and Hallsteinsen, Svein and Stav, Erlend and Eliassen, Frank and Lund, Ketil and Gj{\o}rven, Eli},
  biburl = {http://www.bibsonomy.org/bibtex/2dbe95cdc27dd34cdef01de3a24a3b420/sonntag},
  description = {Daniel Sonntag all references},
  interhash = {71a9d1df4a2fd25e1bb9e24d2077b5b3},
  intrahash = {dbe95cdc27dd34cdef01de3a24a3b420},
  journal = {IEEE Software},
  keywords = {QABook imported},
  number = 2,
  owner = {sonntag},
  pages = {62-70},
  timestamp = {2009-11-25T18:41:14.000+0100},
  title = {{Using Architecture Models for Runtime Adaptability}},
  volume = 23,
  year = 2006
}
@article{morin09,
  author    = {Brice Morin and
               Olivier Barais and
               Jean-Marc J{\'e}z{\'e}quel and
               Franck Fleurey and
               Arnor Solberg},
  title     = {{Models@Run.time to Support Dynamic Adaptation}},
  journal   = {IEEE Computer},
  volume    = {42},
  number    = {10},
  year      = {2009},
  pages     = {44-51},
  ee        = {http://doi.ieeecomputersociety.org/10.1109/MC.2009.327},
  bibsource = {DBLP, http://dblp.uni-trier.de}
}

@inproceedings{aksit03,
       booktitle = {Survey and Prospective Vision, Workshop on Distributed Auto-adaptive Reconfigurable Systems (DARES)},
           month = {May},
           title = {Dynamic Adaptive and Reconfigurable Systems Overview and Prospective Vision},
          author = {M. {Ak\c sit} and Z. {Choukair}},
       publisher = {IEEE Computer Society},
            year = {2003},
           pages = {84--89},
             url = {http://doc.utwente.nl/61735/},
        abstract = {Systems are more and more expected to work in dynamic environment, to deal with fluctuation of their characteristics and to guaranty functional and nonfunctional requirements. Systems should also keep compliant with the contracted quality of service. Moreover, when necessary, services and aspects should be added or removed on line. In this paper, we overview major approaches to deploy, reconfigure and adapt applications and underlying software platforms. These changes should be realized according to the evolving context and execution environment so that systems can stay compliant with the specifications and requirements of the application. We end this position paper with a vision on future directions and developments.}
}


@article{magee96,
  added-at = {2011-12-16T09:33:20.000+0100},
  OPTaddress = {New York, NY, USA},
  author = {Magee, Jeff and Kramer, Jeff},
  biburl = {http://www.bibsonomy.org/bibtex/2c72729b06be8dc2fc8fccf29a3c01828/pbrada},
  description = {one of the first to introduce dynamically evolving architectures; the Darwing language},
  doi = {http://doi.acm.org/10.1145/250707.239104},
  groups = {public},
  interhash = {60d3def567f6c281927ee4c522ef2051},
  intrahash = {c72729b06be8dc2fc8fccf29a3c01828},
  issn = {0163-5948},
  journal = {SIGSOFT Softw. Eng. Notes},
  keywords = {architecture component dynamic important},
  number = 6,
  pages = {3--14},
  publisher = {ACM},
  timestamp = {2011-12-16T09:33:20.000+0100},
  title = {Dynamic structure in software architectures},
  username = {pbrada},
  volume = 21,
  year = 1996
}




@InProceedings{oreizy98,
  author = 	 {Peyman Oreizy and Nenad Medvidovic and Richard N. Taylor},
  title = 	 {{Architecture-Based Runtime Software Evolution}},
  OPTcrossref =  {},
  OPTkey = 	 {},
  booktitle = {the 20th International Conference on Software Engineering (ICSE '98)},
  OPTpages = 	 {177--186},
  year = 	 {1998},
  OPTeditor = 	 {},
  OPTvolume = 	 {},
  OPTnumber = 	 {},
  OPTseries = 	 {},
  OPTaddress = 	 {},
  OPTmonth = 	 {},
  OPTorganization = {},
  publisher = {IEEE Computer Society},
  OPTnote = 	 {},
  OPTannote = 	 {}
}


@article{oreizy99,
  OPTadded-at = {2007-09-26T12:09:12.000+0200},
  author = {Oreizy, P. and Gorlick, M.M. and Taylor, R.N. and Heimbigner, D. and Johnson, G. and Medvidovic, N. and Quilici, A. and Rosenblum, D.S. and Wolf, A.L.},
  OPTbiburl = {http://www.bibsonomy.org/bibtex/2e95ab10a33e09db622ebaf9b20dd47b2/kimmens},
  OPTdescription = {AOEvolutionchapter short paper},
  OPTinterhash = {979c417fa42ca6153755d8ff82790442},
  OPTintrahash = {e95ab10a33e09db622ebaf9b20dd47b2},
  journal = {IEEE Intelligent Systems},
  OPTkeywords = {imported},
  OPTmonth = {May/June},
  OPTpages = {54--62},
  publisher = {IEEE Computer Society Press},
  OPTtimestamp = {2007-09-26T12:09:12.000+0200},
  title = {{An Architecture-Based Approach to Self-adaptive Software}},
  year = 1999
}



@InProceedings{lehmann10,
  author = 	 {Grzegorz Lehmann and Marco Blumendorf and Frank Trollmann and Sahin Albayrak},
  title = 	 {{Meta-Modeling Runtime Models}},
  OPTcrossref =  {},
  OPTkey = 	 {},
  booktitle = {Models@run.time Workshop at MoDELS 2010},
  OPTpages = 	 {209--223},
  year = 	 {2010},
  OPTeditor = 	 {},
  volume = 	 {6627},
  OPTnumber = 	 {},
  series = 	 {LNCS},
  OPTaddress = 	 {},
  OPTmonth = 	 {},
  OPTorganization = {},
  publisher = {Springer},
  OPTnote = 	 {},
  OPTannote = 	 {}
}

@InProceedings{vogel11,
  author = 	 {Thomas Vogel and Holger Glese},
  title = 	 {{Language and Framework Requirements for Adaptation Models}},
  OPTcrossref =  {},
  OPTkey = 	 {},
  booktitle = {Models@run.time Workshop at MODELS 2011},
  OPTpages = 	 {},
  year = 	 {2011},
  OPTeditor = 	 {},
  OPTvolume = 	 {},
  OPTnumber = 	 {},
  OPTseries = 	 {},
  OPTaddress = 	 {},
  OPTmonth = 	 {},
  OPTorganization = {},
  OPTpublisher = {},
  OPTnote = 	 {},
  OPTannote = 	 {}
}

@inproceedings{villegas-seams11,
 author = {Villegas, Norha M. and M\"{u}ller, Hausi A. and Tamura, Gabriel and Duchien, Laurence and Casallas, Rubby},
 title = {{A framework for evaluating quality-driven self-adaptive software systems}},
 OPTbooktitle = {the 6th International Symposium on Software Engineering for Adaptive and Self-Managing Systems (SEAMS '11)},
 booktitle = {SEAMS '11},
 OPTseries = {},
 year = {2011},
 OPTisbn = {978-1-4503-0575-4},
 OPTlocation = {Waikiki, Honolulu, HI, USA},
 OPTpages = {80--89},
 OPTnumpages = {10},
 OPTurl = {http://doi.acm.org/10.1145/1988008.1988020},
 OPTdoi = {10.1145/1988008.1988020},
 OPTacmid = {1988020},
 publisher = {ACM},
 OPTaddress = {New York, NY, USA},
 OPTkeywords = {application of control theory, assessment and evaluation of self-adaptive systems, engineering of self-adaptive systems, run-time validation and verification, software adaptation metrics, software adaptation properties, software quality attributes},
} 

@InProceedings{cariou-mrt12,
    author = {Eric Cariou and Olivier {Le Goaer} and Franck Barbier},
    title = {{Model Execution Adaptation?}},
    booktitle = {7th International Workshop on Models@run.time (MRT 2012) at MoDELS 2012},
    year = {2012},
    publisher = {ACM Digital Library},
}

@InProceedings{cariou-ciel12,
    author = {Cariou, Eric and Graiet, Mohamed},
    title = {Contrats pour la v\'erification d'adaptation d'ex\'ecution de mod\`eles},
    booktitle = {1\`ere Conf\'erence en Ing\'enieriE du Logiciel (CIEL 2012)},
    year = {2012},
}

@inproceedings{combemale-apsec12,
    title = {{A Design Pattern to Build Executable DSMLs and associated V\&V tools}},
    author = {Combemale, Benoit and Cr{\'e}gut, Xavier and Pantel, Marc},
    OPTlanguage = {Anglais},
    OPTaffiliation = {TRISKELL - INRIA - IRISA , Institut de recherche en informatique de Toulouse - IRIT},
    booktitle = {{The 19th Asia-Pacific Software Engineering Conference (APSEC 2012)}},
    publisher = {IEEE},
    OPTaddress = {Hong Kong, Hong-Kong},
    OPTnote = {Topcased },
    OPTaudience = {internationale},
    year = {2012},
    OPTmonth = Dec,
}

@article{Mernik:2005,
 author = {Mernik, Marjan and Heering, Jan and Sloane, Anthony M.},
 title = {When and how to develop domain-specific languages},
 journal = {ACM Comput. Surv.},
 OPTissue_date = {December 2005},
 volume = {37},
 number = {4},
 OPTmonth = dec,
 year = {2005},
 OPTissn = {0360-0300},
 OPTpages = {316--344},
 OPTnumpages = {29},
 OPTacmid = {1118892},
 publisher = {ACM},
 OPTaddress = {New York, NY, USA},

}

@article{harel87,
 author = {Harel, David},
 title = {{Statecharts:  A visual formalism for complex systems}},
 journal = {Science of Computer Programming},
 OPTissue_date = {June 1, 1987},
 volume = {8},
 number = {3},
 OPTmonth = jun,
 year = {1987},
 OPTissn = {0167-6423},
 OPTpages = {231--274},
 OPTnumpages = {44},
 OPTurl = {http://dx.doi.org/10.1016/0167-6423(87)90035-9},
 OPTdoi = {10.1016/0167-6423(87)90035-9},
 OPTacmid = {34886},
 publisher = {Elsevier},
 OPTaddress = {Amsterdam, The Netherlands, The Netherlands},
}

@inproceedings{breton01,
 author = {Breton, Erwan and B{\'e}zivin, Jean},
 title = {Towards an understanding of model executability},
 booktitle = {Proceedings of the international conference on Formal Ontology in Information Systems (FOIS '01)},
 OPTseries = {FOIS '01},
 year = {2001},
 OPTisbn = {1-58113-377-4},
 OPTlocation = {Ogunquit, Maine, USA},
 OPTpages = {70--80},
 OPTnumpages = {11},
 OPTurl = {http://doi.acm.org/10.1145/505168.505176},
 OPTdoi = {10.1145/505168.505176},
 OPTacmid = {505176},
 publisher = {ACM},
 OPTaddress = {New York, NY, USA},
 OPTkeywords = {MOF, action semantics, meta-models, model execution, models, process meta-models},
} 

@INPROCEEDINGS{6375641, 
author={Morris, K.A. and Jinpeng Wei and Clarke, P.J. and Costa, F.M.}, 
booktitle={High-Assurance Systems Engineering (HASE), 2012 IEEE 14th International Symposium on}, title={Towards Adaptable Middleware to Support Service Delivery Validation in i-DSML Execution Engines}, 
year={2012}, 
month={oct.}, 
volume={}, 
number={}, 
pages={82 -89}, 
keywords={Adaptation models;Computer architecture;Cryptography;Engines;Middleware;Runtime;Virtual machining;middleware;program verification;software architecture;specification languages;virtual machines;adaptable middleware architecture;communication virtual machine layer;domain independent concerns;domain specific artifacts;domain specific concerns;generalized execution platform;i-DSML execution engines;interpreted domain-specific modeling language;model driven development;service delivery validation;software engineering;user-centric communication middleware;Adaptable Middleware;Domain Independence;Functional Assurance;Models at Runtime;}, 
doi={10.1109/HASE.2012.25}, 
ISSN={1530-2059},}

@InBook{clarke-book-iDSML13,
  author = 	 {Peter J. Clarke and Yali Wu and Andrew A. Allen and Frank Hernandez and Mark Allison and Robert France},
  editor = 	 {Marjan Mernik},
  title = 	 {{Formal and Practical Aspects of Domain-Specific Languages: Recent Developments}},
  chapter = 	 {{9: Towards Dynamic Semantics for Synthesizing Interpreted DSMLs}},
  publisher = 	 {IGI Global},
  year = 	 {2013},
  OPTkey = 	 {},
  OPTvolume = 	 {},
  OPTnumber = 	 {},
  OPTseries = 	 {},
  OPTtype = 	 {},
  OPTaddress = 	 {},
  OPTedition = 	 {},
  OPTmonth = 	 {},
  OPTpages = 	 {},
  OPTnote = 	 {},
  OPTannote = 	 {}
}

