@String{PROFT     = ""}

@String{ECEASST   = "ECEASST"}
@String{ENTCS     = "ENTCS"}
@String{FI        = "Fundam. Inform."}
@String{JOT       = "JOT"}
@String{JSS       = "JSS"}
@String{JSSST     = "JSSST Computer Software"}
@String{LNCS      = "LNCS"}
@String{SOSYM     = "SoSyM"}
@String{TCS       = "TCS"}

@String{ASE05     = PROFT # "ASE'05"}
@String{ASE07     = PROFT # "ASE'07"}
@String{AGTIVE99  = PROFT # "AGTIVE'99"}
@String{AGTIVE11 = PROFT # "AGTIVE'11"}
@String{CALCO09   = PROFT # "CALCO'09"}
@String{CVSM09    = PROFT # "CVSM'09"}
@String{ECMDAFA12 = PROFT # "ECMDA-FA'12"}
@String{ECMDAFA09 = PROFT # "ECMDA-FA'09"}
@String{ECMDAFA08 = PROFT # "ECMDA-FA'08"}
@String{ECMDAFA06 = PROFT # "ECMDA-FA'06"}
@String{FASE02    = PROFT # "FASE'02"}
@String{FASE05    = PROFT # "FASE'05"}
@String{FASE07    = PROFT # "FASE'07"}
@String{FASE08    = PROFT # "FASE'08"}
@String{FASE09    = PROFT # "FASE'09"}
@String{FMOODS06  = PROFT # "FMOODS'06"}
@String{GTVMT07   = PROFT # "GT-VMT'07"}
@String{GTVMT09   = PROFT # "GT-VMT'09"}
@String{ICFP07    = PROFT # "ICFP'07"}
@String{ICGT06    = PROFT # "ICGT'06"}
@String{ICGT08    = PROFT # "ICGT'08"}
@String{ICMT08    = PROFT # "ICMT'08"}
@String{ICMT09    = PROFT # "ICMT'09"}
@String{ICMT10    = PROFT # "ICMT'10"}
@String{ICMT11    = PROFT # "ICMT'11"}
@String{ICSE07    = PROFT # "ICSE'07"}
@String{ICSE11    = PROFT # "ICSE'11"}
@String{ICSM04    = PROFT # "ICSM'04"}
@String{MODELS06  = PROFT # "MoDELS'06"}
@String{MODELS07  = PROFT # "MoDELS'07"}
@String{MODELS08  = PROFT # "MoDELS'08"}
@String{MODELS09  = PROFT # "MoDELS'09"}
@String{MODELS10  = PROFT # "MoDELS'10"}
@String{MTIP05    = PROFT # "MTiP'05"}
@String{OOIS03    = PROFT # "OOIS'03"}
@String{OOPSLA07  = PROFT # "OOPSLA'07"}
@String{PRIMIUM08 = PROFT # "PRIMIUM'08"}
@String{RE08      = PROFT # "RE'08"}
@String{SAC06   = PROFT # "SAC'06"}
@String{SETRA06   = PROFT # "SeTra'06"}
@String{SEW06     = PROFT # "SEW'06"}
@String{SLE08     = PROFT # "SLE'08"}
@String{SLE09     = PROFT # "SLE'09"}
@String{TEFSE09   = PROFT # "TEFSE'09"}
@String{TOOLS10   = PROFT # "TOOLS'10"}
@String{UML01     = PROFT # "UML'01"}
@String{UML02     = PROFT # "UML'02"}
@String{WG94      = PROFT # "WG'94"}

@inproceedings{Akehurst,
  author    = {David H. Akehurst and Stuart Kent},
  title     = {A relational approach to defining transformations in a metamodel},
  year      = {2002},
  pages     = {243-258},
  publisher = {Springer},
  series    = LNCS,
  volume    = {2460},
  booktitle = UML02,
}

@misc{ATL,
 author       = {ATL},
 howpublished = {{\tt http://www.sciences.univ-nantes.fr/lina/atl/}},
}

@article{BOTL,
  author    = {Peter Braun and Frank Marschall},
  title     = {Transforming object oriented models with \uppercase{BOTL}},
  journal   = ENTCS,
  volume    = {72},
  number    = {3},
  year      = {2003},
  pages     = {103-117},
}

@inproceedings{AToM3,
 author    = {Juan de Lara and Hans Vangheluwe},
 title     = {\uppercase{AT}o\uppercase{M}$^3$: \uppercase{A} tool for multi-formalism and meta-modelling},
 booktitle = FASE02,
 year      = {2002},
 pages     = {174--188},
 publisher = {Springer},
 series    = LNCS,
 volume    = {2306} 
}

@book{MDA,
 author    = {S. J. Mellor and K. Scott and A. Uhl and D. Weise},
 title     = {MDA Distilled},
 publisher = {Addison-Wesley Object Technology Series},
 year      = {2004},
}

@misc{MOLA,
 author       = {MOLA},
 title        = {\uppercase{MO}del transformation \uppercase{LA}nguage},
 howpublished = {{\tt http://mola.mii.lu.lv/}},
}

@misc{MTF,
 author       = {MTF},
 title        = {Model \uppercase{T}ransformation \uppercase{F}ramework},
 howpublished = {{\tt http://www.alphaworks.ibm.com/tech/mtf}},
}

@MISC{QVT,
  author =       {QVT},
  howpublished = {{\tt http://www.omg.org/docs/ptc/05-11-01.pdf}},
}

@MISC{UML2,
  author =       {UML 2.4.1},
  howpublished = {{\tt http://www.omg.org/spec/UML/2.4.1/}},
}

@article{PMT,
  author    = {Laurence Tratt},
  title     = {A change propagating model transformation language},
  journal   = JOT,
  volume    = {7},
  number    = {3},
  year      = {2008},
  pages     = {107-126},
}

@book{Volter06,
 author    = {Markus V\"olter and Thomas Stahl},
 title     = {Model-driven software development},
 publisher = {Wiley},
 year      = {2006},
}


@INPROCEEDINGS{Guerra07,
  AUTHOR =    {Esther Guerra and Juan de Lara},
  TITLE =     {Adding recursion to graph transformation},
  BOOKTITLE = GTVMT07,
  YEAR =      {2007},
  volume =    {6},
  series =    ECEASST,
}
 
@book{Jensen,
 author    = {K. Jensen},
 title     = {Coloured Petri nets basic concepts, analysis methods and practical use (Monographs in theoretical computer science)},
 year      = {1997},
 publisher = {Springer-Verlag},
}
 
@article{Konigs06,
  author    = {Alexander K{\"o}nigs and Andy Sch{\"u}rr},
  title     = {Tool Integration with Triple Graph Grammars - A Survey},
  journal   = ENTCS,
  volume    = {148},
  number    = {1},
  year      = {2006},
  pages     = {113-150},
}

@inproceedings{ETL,
  author    = {Dimitrios S. Kolovos and
               Richard F. Paige and
               Fiona Polack},
  title     = {The {E}psilon {T}ransformation {L}anguage},
  booktitle = ICMT08,
  year      = {2008},
  pages     = {46-60},
  publisher = {Springer},
  series    = LNCS,
  volume    = {5063},
}

@misc{KMF,
 author       = {KMF},
 howpublished = {{\tt http://www.cs.kent.ac.uk/projects/kmf/}},
}

@book{DSVLs,
 author={Steven Kelly and Juha-Pekka Tolvanen},
 title={Domain-Specific Modeling: Enabling Full Code Generation},
 year=2008,
 publisher={Wiley-IEEE CS}
}
  
@inproceedings{Artur,
  author    = {Artur Boronat and Jos{\'e} A. Cars\'{\i} and Isidro Ramos},
  title     = {Exogenous Model Merging by means of Model Management Operators},
  publisher = ECEASST,
  volume    = {3},
  year      = {2006},
  booktitle = SETRA06,
}

@article{nivel,
  author    = {Timo Asikainen and Tomi M\"annist\"o},
  title     = {Nivel: a metamodelling language with a formal semantics},
  journal   = SOSYM,
  volume    = {8},
  number    = {4},
  year      = {2009},
  publisher = {Springer},
  pages 	= {521--549}
}

@misc{kermeta,
  author = {Kermeta},
  howpublished={{\tt http://www.kermeta.org/}},
}

@article{atkinsonIEEE,
  author    = {Colin Atkinson and Matthias Gutheil and Bastian Kennel},
  title     = {A Flexible Infrastructure for Multilevel Language Engineering},
  journal   = {IEEE Trans. Soft. Eng.},
  volume    = {35},
  number	= {6},
  year      = {2009},
  pages	= {742--755},
  publisher = {IEEE}
}

@inproceedings{KM3,
  author = {Fr\'ed\'eric Jouault and Jean B\'ezivin},
  title = {\uppercase{KM}3: A \uppercase{DSL} for Metamodel Specification},
  booktitle = FMOODS06,
  pages = {171--185},
  publisher = {Springer},
  series = LNCS,
  volume = 4037,
  year = 2006
}

@misc{MOF,
  author = {OMG},
  title = {\uppercase{MOF} 2.0.},
  howpublished={{\tt http://www.omg.org/spec/MOF/2.0/}},
  year = 2009
}

@misc{JMI,
  author = {Sun},
  title = {{J}ava {M}etadata {I}nterface},
  howpublished = {{\tt http://java.sun.com/products/jmi/index.jsp}}
}

@INPROCEEDINGS{DeepJava,
author = {Thomas K\"uhne and Daniel Schreiber},
title = {Can programming be liberated from the two-level style? -- {M}ulti-level
programming with {DeepJava}},
booktitle = OOPSLA07,
year = {2007},
pages = {229--244},
publisher = {ACM},
}

@article{AtKu08,
title  = {Reducing accidental complexity in domain models},
author = {Colin Atkinson and Thomas K\"uhne},
journal = SOSYM,
publisher = {Springer},
volume = 7,
number = 3,
pages = {345--359},
year = 2008
}

@ARTICLE{Amulet,
title={The {A}mulet environment: {New} models for effective user interface software development},
author={Myers, B.A. and McDaniel, R.G. and Miller, R.C. and Ferrency, A.S. and Faulring, A. and Kyle, B.D. and Mickish, A. and Klimovitski, A. and Doane, P.},
journal={IEEE Trans. Soft. Eng.},
year={1997},
volume={23},
number={6},
pages={347-365}
}

@article{Batory06,
  author    = {Don S. Batory},
  title     = {Multilevel models in model-driven engineering, product lines,
               and metaprogramming},
  journal   = {IBM Systems Journal},
  volume    = {45},
  number    = {3},
  year      = {2006},
  pages     = {527--540}
}

@book{CesarGP,
title={Metamodelling for Software Engineering},
author  = {C\'esar Gonz\'alez-P\'erez and Brian Henderson-Sellers},
year=2008,
publisher={Wiley}
}

@misc{MDApage,
  author = {OMG},
  title = {\uppercase{MDA} home page},
  howpublished={{\tt http://www.omg.org/mda/}},
  year = 2009
}

@book{EMF,
  author = {Dave Steinberg and Frank Budinsky and Marcelo Paternostro and Ed Merks},
  title = {\uppercase{EMF}: \uppercase{E}clipse \uppercase{M}odeling \uppercase{F}ramework, 2$^{nd}$ Edition},
  publisher = {Addison-Wesley},
  year = 2008,
}

@article{AtKuTOMS,
  author    = {Colin Atkinson and
               Thomas K{\"u}hne},
  title     = {Rearchitecting the {UML} infrastructure},
  journal   = {ACM Trans. Model. Comput. Simul.},
  volume    = {12},
  number    = {4},
  year      = {2002},
  pages     = {290-321},
}

@inproceedings{AlvarezES01,
  author    = {Jos{\'e} M. {\'A}lvarez and
               Andy Evans and
               Paul Sammut},
  title     = {Mapping between Levels in the Metamodel Architecture},
  year      = {2001},
  pages     = {34-46},
  booktitle = UML01,
  publisher = {Springer},
  series    = LNCS,
  volume    = {2185},
}

@misc{Epsilon,
  author = {Epsilon},
  howpublished={{\tt http://www.eclipse.org/gmt/epsilon/}},
  year = 2009
}

@inproceedings{EVL,
  author    = {Dimitrios S. Kolovos and
               Richard F. Paige and
               Fiona Polack},
  title     = {On the evolution of {OCL} for capturing structural constraints in modelling languages},
  booktitle = {Rigorous Methods for Software Construction and Analysis},
  series    = LNCS,
  volume    = 5115,
  year      = 2009,
  pages     = {204-218}
}

@inproceedings{EOL,
  author    = {Dimitrios S. Kolovos and
               Richard F. Paige and
               Fiona Polack},
  title     = {The {E}psilon {O}bject {L}anguage ({EOL})},
  year      = {2006},
  pages     = {128-142},
  booktitle = ECMDAFA06,
  publisher = {Springer},
  series    = LNCS,
  volume    = {4066},
}

@article{Ducasse,
  author  = {St\'ephane Ducasse and Tudor Girba and Adrian Kuhn and Lukas Renggli},
  title   = {Meta-environment and executable meta-language using {Smalltalk: An} experience report},
  journal = SOSYM,
  year    = 2009,
  volume  = 8,
  issue   = 1,
  pages   = {5--19}
}

@book{XMF,
  author = {A. Clark and P. Sammut and J. Willans},
  title = {Applied Metamodelling: A Foundation for Language Driven Development. Second Edition},
  year = 2008,
  publisher = {Ceteva},
  note={See also {\tt http://itcentre.tvu.ac.uk/$\sim$clark/Publications.html}}
}

@inproceedings{EGL,
  author    = {Louis M. Rose and
               Richard F. Paige and
               Dimitrios S. Kolovos and
               Fiona Polack},
  title     = {The {E}psilon {G}eneration {L}anguage},
  booktitle = ECMDAFA08,
  year      = {2008},
  pages     = {1-16},
  publisher = {Springer},
  series    = LNCS,
  volume    = {5095},
}

@inproceedings{metaDepth,
 author = {Juan de Lara and Esther Guerra},
 title = {Deep Meta-Modelling with \textsc{MetaDepth}},
 booktitle = TOOLS10,
 year = {2010},
 pages = {1--20},
 publisher = {Springer},
 series    = LNCS,
 volume    = {6141},
} 

@inproceedings{metaDepthConcepts,
  author = {Juan de Lara and Esther Guerra},
  title = {Generic meta-modelling with concepts, templates and mixin layers},
  booktitle = MODELS10,
  year = {2010},
  pages = {16-30},
  publisher = {Springer},
  series = LNCS,
  volume = {6394}
}

@InCollection{Acme,
author = {David Garlan and Robert T. Monroe and David Wile},
title = {{ACME}: Architectural Description of Component-Based Systems},
booktitle = {Foundations of Component-Based Systems},
year = 2000,
publisher = {Cambridge University Press},
pages = {47-68}
}

@BOOK{Gamma,
    author    = "Erich Gamma and Richard Helm and Ralph Johnson and John M. Vlissides",
    title     = "Design Patterns. {E}lements of Reusable Object-Oriented Software",
    publisher = "Addison Wesley",
    year      = "1994",
}

@inproceedings{AschauerDP09,
  author    = {Thomas Aschauer and
               Gerd Dauenhauer and
               Wolfgang Pree},
  title     = {Representation and Traversal of Large Clabject Models},
  booktitle = MODELS09,
  year      = {2009},
  pages     = {17-31},
  series    = LNCS,
  publisher = {Springer},
  volume    = {5795},
}

@inproceedings{AschauerDP092,
  author    = {Thomas Aschauer and
               Gerd Dauenhauer and
               Wolfgang Pree},
  title     = {Multi-level Modeling for Industrial Automation Systems},
  booktitle = {EUROMICRO-SEAA},
  year      = {2009},
  pages     = {490-496},
  publisher = {IEEE CS},
}

@book{Fowler,
  title = {Refactoring: Improving the Design of Existing Code},
  year = 1999,
  publisher = {Addison-Wesley},
  author = {Fowler}
}

@misc{Graphiti,
 author       = {{Graphiti Project}},
 howpublished = {{\tt http://www.eclipse.org/graphiti/}},
}


@misc{VSA,
 author       = {{Visual Service Architect}},
 howpublished = {{\tt https://developer.opencloud.com/devportal/display/\\VSAD}},
}


@misc{Mobicents,
 author       = {{Mobicents JAIN SLEE project}},
 howpublished = {{\tt http://code.google.com/p/jain-slee/}},
}

@techreport{JAINSLEE,
 author       = {David Ferry and Phelim ODoherty},
 title = {{JAIN SLEE (JSLEE) v1.1}},
 year = {2008},
 institution = {Java Specification Request 240},
 note = {{\tt http://jcp.org/en/jsr/detail?id=240}}
}

@article{MohagheghiGSF13,
  author    = {Parastoo Mohagheghi and
               Wasif Gilani and
               Alin Stefanescu and
               Miguel A. Fern{\'a}ndez},
  title     = {An empirical study of the state of the practice and acceptance
               of model-driven engineering in four industrial cases},
  journal   = {Empirical Software Engineering},
  volume    = {18},
  number    = {1},
  year      = {2013},
  pages     = {89-116},
  ee        = {http://dx.doi.org/10.1007/s10664-012-9196-x},
  bibsource = {DBLP, http://dblp.uni-trier.de}
}

@inproceedings{HutchinsonWRK11,
  author    = {John Hutchinson and
               Jon Whittle and
               Mark Rouncefield and
               Steinar Kristoffersen},
  title     = {Empirical assessment of {MDE} in industry},
  booktitle = ICSE11,
  year      = {2011},
  pages     = {471-480},
  publisher = {ACM},
}

@inproceedings{HutchinsonRW11,
  author    = {John Hutchinson and
               Mark Rouncefield and
               Jon Whittle},
  title     = {Model-driven engineering practices in industry},
  booktitle = ICSE11,
  year      = {2011},
  pages     = {633-642},
  publisher = {ACM}
}

@misc{rhino,
 author       = {{Open Cloud Rhino SLEE server}},
 howpublished = {{\tt http://www.opencloud.com/products/rhino\-application-server/real-time-application-server/}},
}

@misc{maven,
 author       = {{Maven}},
 howpublished = {{\tt http://maven.apache.org/}},
}

@incollection{Almira,
  author      = "Javier Mart\'in-L\'opez and Miguel Monforte-Nicol\'as and Carlos Merino-Moreno",
  title       = "Finding Services and Business Models for the Next-Generation Networks",
  booktitle   = "Recent Developments in Mobile Communications - A Multidisciplinary Approach",
  publisher   = "InTech",
  year        = 2011,
}

@misc{VoiceXML,
author={{W3C Voice Browser Working Group}},
 howpublished = {{\tt http://www.w3.org/Voice/}}
}

@inproceedings{palix:inria-00196520,
    hal_id = {inria-00196520},
    url = {http://hal.inria.fr/inria-00196520},
    title = {{A Stepwise Approach to Developing Languages for SIP Telephony Service Creation}},
    author = {Palix, Nicolas and R{\'e}veill{\`e}re, Laurent and Consel, Charles and Lawall, Julia},
    booktitle = {{Proceedings of Principles, Systems and Applications of IP Telecommunications, IPTComm}},
    publisher = {ACM Press},
    pages = {79-88},
    address = {New York City, United States},
    year = {2007},
}

@inproceedings{ICT,
  author      = {Angelo Hulshout},
  title       = {Service Creation with {MetaEdit+}. {A} telecommunications solution},
  booktitle = {Proc. Code Generation},
  year      = {2007},
}

@INPROCEEDINGS{5640901,
   author={Hall, S.},
   booktitle={Proc. ICIN'10}, 
   title={Evolving the Service Creation Environment},
   year={2010},
   pages={1-6},
}