@article{DBLP:journals/iie/FabroAS12,
  author    = {Marcos Didonet Del Fabro and
               Eduardo Cunha de Almeida and
               Fabiano Sluzarski},
  title     = {Teaching web application development: A case study in a
               computer science course},
  journal   = {Informatics in Education},
  volume    = {11},
  number    = {1},
  year      = {2012},
  pages     = {29-44},
  ee        = {http://www.mii.lt/informatics_in_education/htm/INFE201.htm},
  bibsource = {DBLP, http://dblp.uni-trier.de}
}

@article{DBLP:journals/sosym/AkehurstKP03,
  author    = {D. H. Akehurst and
               S. Kent and
               O. Patrascoiu},
  title     = {A relational approach to defining and implementing transformations
               between metamodels},
  journal   = {Software and System Modeling},
  volume    = {2},
  number    = {4},
  year      = {2003},
  pages     = {215-239},
  ee        = {http://dx.doi.org/10.1007/s10270-003-0032-z},
  bibsource = {DBLP, http://dblp.uni-trier.de}
}
@article{DBLP:journals/sosym/Kuhne06,
  author    = {T. K{\"u}hne},
  title     = {Matters of (Meta-)Modeling},
  journal   = {Software and System Modeling},
  volume    = {5},
  number    = {4},
  year      = {2006},
  pages     = {369-385},
  ee        = {http://dx.doi.org/10.1007/s10270-006-0017-9},
  bibsource = {DBLP, http://dblp.uni-trier.de}
}

@MANUAL{Medini,
  title = {{Medini}: http://projects.ikv.de/qvt},
  year = {2012}
}

@inproceedings{DBLP:conf/icalp/YokoyamaAG08,
  author    = {Tetsuo Yokoyama and
               Holger Bock Axelsen and
               Robert Gl{\"u}ck},
  title     = {Reversible Flowchart Languages and the Structured Reversible
               Program Theorem},
  booktitle = {ICALP (2)},
  year      = {2008},
  pages     = {258-270},
  ee        = {http://dx.doi.org/10.1007/978-3-540-70583-3_22},
  crossref  = {DBLP:conf/icalp/2008-2},
  bibsource = {DBLP, http://dblp.uni-trier.de}
}

@proceedings{DBLP:conf/icalp/2008-2,
  editor    = {Luca Aceto and
               Ivan Damg{\aa}rd and
               Leslie Ann Goldberg and
               Magn{\'u}s M. Halld{\'o}rsson and
               Anna Ing{\'o}lfsd{\'o}ttir and
               Igor Walukiewicz},
  title     = {Automata, Languages and Programming, 35th International
               Colloquium, ICALP 2008, Reykjavik, Iceland, July 7-11, 2008,
               Proceedings, Part II - Track B: Logic, Semantics, and Theory
               of Programming {\&} Track C: Security and Cryptography
               Foundations},
  booktitle = {ICALP (2)},
  publisher = {Springer},
  series    = {Lecture Notes in Computer Science},
  volume    = {5126},
  year      = {2008},
  isbn      = {978-3-540-70582-6},
  bibsource = {DBLP, http://dblp.uni-trier.de}
}

@proceedings{DBLP:conf/kbse/2007,
  editor    = {R. E. Kurt Stirewalt and
               A. Egyed and
               B. Fischer},
  title     = {22nd IEEE/ACM International Conference on Automated Software
               Engineering (ASE 2007), November 5-9, 2007, Atlanta, Georgia,
               USA},
  booktitle = {ASE},
  publisher = {ACM},
  year      = {2007},
  isbn      = {978-1-59593-882-4 },
  bibsource = {DBLP, http://dblp.uni-trier.de}
}

@inproceedings{DBLP:conf/icmt/CzarneckiFHLST09,
  author    = {K. Czarnecki and
               J. N. Foster and
               Z. Hu and
               R.L{\"a}mmel and
               A. Sch{\"u}rr and
               J. F. Terwilliger},
  title     = {Bidirectional Transformations: A Cross-Discipline Perspective},
  booktitle = {Proceedings of the International Conference on Model Transformations},
  year      = {2009},
  pages     = {260-283},
  ee        = {http://dx.doi.org/10.1007/978-3-642-02408-5_19},
%  crossref  = {DBLP:conf/icmt/2009},
  bibsource = {DBLP, http://dblp.uni-trier.de}
}

@proceedings{DBLP:conf/icmt/2009,
%  editor    = {Richard F. Paige},
  title     = {Theory and Practice of Model Transformations, Second International
               Conference, ICMT 2009, Zurich, Switzerland, June 29-30,
               2009. Proceedings},
  booktitle = {ICMT},
  publisher = {Springer},
  series    = {Lecture Notes in Computer Science},
  volume    = {5563},
  year      = {2009},
  isbn      = {978-3-642-02407-8},
  ee        = {http://dx.doi.org/10.1007/978-3-642-02408-5},
  bibsource = {DBLP, http://dblp.uni-trier.de}
}

@inproceedings{Bergmann:2008:IPM:1402947.1402953,
 author = {G. Bergmann and A. \"{O}kr\"{o}s and I. R\'{a}th and D. Varr\'{o} and G. Varr\'{o}},
 title = {Incremental pattern matching in the viatra model transformation system},
 booktitle = {Proceedings of the third international workshop on Graph and model transformations},
 series = {GRaMoT '08},
 year = {2008},
 isbn = {978-1-60558-033-3},
 location = {Leipzig, Germany},
 pages = {25--32},
 numpages = {8},
 url = {http://doi.acm.org/10.1145/1402947.1402953},
 doi = {10.1145/1402947.1402953},
 acmid = {1402953},
 publisher = {ACM},
 address = {New York, NY, USA},
 keywords = {domain-specific languages, incremental graph pattern matching, incremental model transformation},
}

@inproceedings{DBLP:conf/models/VogelNHGB09,
  author    = {T. Vogel and
               S. Neumann and
               S. Hildebrandt and
               H. Giese and
               B. Becker},
  title     = {Incremental Model Synchronization for Efficient Run-Time
               Monitoring},
  booktitle = {MoDELS Workshops},
  year      = {2009},
  pages     = {124-139},
  ee        = {http://dx.doi.org/10.1007/978-3-642-12261-3_13},
  crossref  = {DBLP:conf/models/2009w},
  bibsource = {DBLP, http://dblp.uni-trier.de}
}

@proceedings{DBLP:conf/models/2009w,
%  editor    = {Sudipto Ghosh},
  title     = {Models in Software Engineering, Workshops and Symposia at
               MODELS 2009, Denver, CO, USA, October 4-9, 2009, Reports
               and Revised Selected Papers},
  booktitle = {MoDELS Workshops},
  publisher = {Springer},
  series    = {Lecture Notes in Computer Science},
  volume    = {6002},
  year      = {2010},
  isbn      = {978-3-642-12260-6},
  ee        = {http://dx.doi.org/10.1007/978-3-642-12261-3},
  bibsource = {DBLP, http://dblp.uni-trier.de}
}
@inproceedings{DBLP:conf/models/HearndenLR06,
  author    = {D. Hearnden and
               M. Lawley and
               K. Raymond},
  title     = {Incremental Model Transformation for the Evolution of Model-Driven
               Systems},
  booktitle = {Proceedings of the MoDELS conference},
  year      = {2006},
  pages     = {321-335},
  ee        = {http://dx.doi.org/10.1007/11880240_23},
  crossref  = {DBLP:conf/models/2006},
  bibsource = {DBLP, http://dblp.uni-trier.de}
}

@proceedings{DBLP:conf/models/2006,
%  editor    = {Oscar Nierstrasz and
%               Jon Whittle and
%               David Harel and
%               Gianna Reggio},
  title     = {Model Driven Engineering Languages and Systems, 9th International
               Conference, MoDELS 2006, Genova, Italy, October 1-6, 2006,
               Proceedings},
  booktitle = {MoDELS},
  publisher = {Springer},
  series    = {Lecture Notes in Computer Science},
  volume    = {4199},
  year      = {2006},
  isbn      = {3-540-45772-0},
  bibsource = {DBLP, http://dblp.uni-trier.de}
}

@inproceedings{DBLP:conf/icmt/HettelLR09,
  author    = {T. Hettel and
               M. Lawley and
               K. Raymond},
  title     = {Towards Model Round-Trip Engineering: An Abductive Approach},
  booktitle = {Proceedings of the International Conference on Model Transformations},
  year      = {2009},
  pages     = {100-115},
  ee        = {http://dx.doi.org/10.1007/978-3-642-02408-5_8},
%  crossref  = {DBLP:conf/icmt/2009},
  bibsource = {DBLP, http://dblp.uni-trier.de}
}


@article{DBLP:journals/jlp/JaffarM94,
  author    = {J. Jaffar and
               M. J. Maher},
  title     = {Constraint Logic Programming: A Survey},
  journal   = {J. Log. Program.},
  volume    = {19/20},
  year      = {1994},
  pages     = {503-581},
  bibsource = {DBLP, http://dblp.uni-trier.de}
}

@INPROCEEDINGS{JouaultK05,
  author = {F. Jouault and I. Kurtev},
  title = {Transforming Models with {ATL}},
  booktitle = {MoDELS Satellite Events},
  year = {2005},
  pages = {128-138},
  bibsource = {DBLP, http://dblp.uni-trier.de},
  ee = {http://dx.doi.org/10.1007/11663430_14}
}

@MANUAL{QVT,
   title = {Meta Object Facility ({MOF}) 2.0 Query/View/Transformation ({QVT}) Specification, version 1.1},
  key = {QVT},
   organization = {Object Management Group},
   year = {2011}
}

@inproceedings {viatra,
	title = {Model Transformation by Graph Transformation: A Comparative Study},
	booktitle = {MoDELS Satellite Events},
	year = {2005},
	author = {K. Ehrig and E. Guerra and J. and L. Lengyel and T. Levendovszky and U. Prange and G. Taentzer and D. Varr{\'o} and S. Varr{\'o}-Gyapay}
}

@article{czarnecki,
 author = {Czarnecki, K. and Helsen, S.},
 title = {Feature-based survey of model transformation approaches},
 journal = {IBM Syst. J.},
 volume = {45},
 issue = {3},
 month = {July},
 year = {2006},
 issn = {0018-8670},
 pages = {621--645},
 numpages = {25},
 acmid = {1165106},
 publisher = {IBM Corp.},
 address = {Riverton, NJ, USA}
 } 

@inproceedings{visualTransf,
  author    = {E. Guerra and
               J. Lara and
               D. Kolovos and
               R. F. Paige},
  title     = {A Visual Specification Language for Model-to-Model Transformations},
  booktitle = {In VL/HCC},
  year      = {2010},
  pages     = {119-126},
  bibsource = {DBLP, http://dblp.uni-trier.de}
}

@inproceedings{wimmerByexample,
 author = {Wimmer, Manuel and Strommer, Michael and Kargl, Horst and Kramler, Gerhard},
 title = {Towards Model Transformation Generation By-Example},
 booktitle = {Proceedings of the 40th HICSS},
 year = {2007},
 isbn = {0-7695-2755-8},
 pages = {285b--},
 acmid = {1255775},
 publisher = {IEEE Computer Society},
 address = {Washington, DC, USA},
} 


@inproceedings{tgg,
  author    = {A. Sch{\"u}rr and
               F. Klar},
  title     = {15 Years of Triple Graph Grammars},
  booktitle = {Proceedings of the International conference on Graph Transformations},
  year      = {2008},
  pages     = {411-425}
 }

@PhDThesis{didonetphd,
   title = {{Metadata management using model weaving and model transformations}},
   author = {M. Didonet Del Fabro},
   school = {University of Nantes},
   year = {2007}
}

@MANUAL{amw,
  title = {{AMW: the model weaver tool} : http://www.eclipse.org/gmt/amw},
  key={amw},
  year = {2010}
}

@MANUAL{fujaba,
  title     = {{Fujaba Tool Suite. http://www.fujaba.de/}},
   key = {fujaba},
   year = {2011}
}

@MANUAL{AlloyScope,
  title = {Alloy community : Alloy translation capacity: http://alloy.mit.edu/community/node/376},
  key={AlloyScope},
  month={October},
  year = {2008}
}

@inproceedings{DBLP:conf/icmt/PetterBM09,
  author    = {A. Petter and
               A. Behring and
               M. Muhlhauser},
  title     = {Solving Constraints in Model Transformations},
  booktitle = {Proceedings of the International Conference on Model Transformations},
  year      = {2009},
  pages     = {132-147},
  ee        = {http://dx.doi.org/10.1007/978-3-642-02408-5_10},
  bibsource = {DBLP, http://dblp.uni-trier.de}
}

@article{DBLP:journals/scp/GogollaBR07,
  author    = {M. Gogolla and
               F. B{\"u}ttner and 
               M. Richters},
  title     = {USE: A UML-based specification environment for validating
               UML and OCL},
  journal   = {Sci. Comput. Program.},
  volume    = {69},
  number    = {1-3},
  year      = {2007},
  pages     = {27-34},
  ee        = {http://dx.doi.org/10.1016/j.scico.2007.01.013},
  bibsource = {DBLP, http://dblp.uni-trier.de}
}

@INPROCEEDINGS{DBLP:conf/kbse/CabotCR07,
  author = {J. Cabot and R. Claris{\'o} and D. Riera},
  title = {UMLtoCSP: a tool for the formal verification of UML/OCL models using
	constraint programming},
  booktitle = {Proceedings of the International Conference on Automated Software Engineering},
  year = {2007},
  pages = {547-548},
  bibsource = {DBLP, http://dblp.uni-trier.de},
  crossref = {DBLP:conf/kbse/2007},
  ee = {http://doi.acm.org/10.1145/1321631.1321737}
}

@INPROCEEDINGS{DBLP:conf/fmoods/JouaultB06,
  author = {F. Jouault and J. B{\'e}zivin},
  title = {{KM3}: A {DSL} for Metamodel Specification},
  booktitle = {FMOODS},
  year = {2006},
  pages = {171-185},
  bibsource = {DBLP, http://dblp.uni-trier.de},
  crossref = {DBLP:conf/fmoods/2006},
  ee = {http://dx.doi.org/10.1007/11768869_14}
}

@INPROCEEDINGS{DBLP:conf/sigsoft/Jackson00,
  author = {D. Jackson},
  title = {Automating first-order relational logic},
  booktitle = {FSE},
  year = {2000},
  pages = {130-139},
  bibsource = {DBLP, http://dblp.uni-trier.de},
  ee = {http://portal.acm.org/citation.cfm?id=355045.355063}
}

@PROCEEDINGS{DBLP:conf/uml/2005se,
  title = {Satellite Events at the MoDELS 2005 Conference, MoDELS 2005 International
	Workshops, Doctoral Symposium, Educators Symposium, Montego Bay,
	Jamaica, October 2-7, 2005, Revised Selected Papers},
  year = {2006},
  volume = {3844},
  series = {LNCS},
  publisher = {Springer},
  bibsource = {DBLP, http://dblp.uni-trier.de},
  booktitle = {MoDELS Satellite Events},
  isbn = {3-540-31780-5}
}

@PROCEEDINGS{DBLP:conf/fmoods/2006,
  title = {Formal Methods for Open Object-Based Distributed Systems, 8th IFIP
	WG 6.1 International Conference, FMOODS 2006, Bologna, Italy, June
	14-16, 2006, Proceedings},
  year = {2006},
  volume = {4037},
  series = {LNCS},
  publisher = {Springer},
  bibsource = {DBLP, http://dblp.uni-trier.de},
  booktitle = {FMOODS},
  isbn = {3-540-34893-X}
}

@PROCEEDINGS{DBLP:conf/gpce/2006,
  title = {Generative Programming and Component Engineering, 5th International
	Conference, GPCE 2006, Portland, Oregon, USA, October 22-26, 2006,
	Proceedings},
  year = {2006},
  publisher = {ACM},
  bibsource = {DBLP, http://dblp.uni-trier.de},
  booktitle = {GPCE},
  isbn = {1-59593-237-2}
}

@PROCEEDINGS{DBLP:conf/uml/2002,
  title = {UML 2002 - The Unified Modeling Language, 5th International Conference,
	Dresden, Germany, September 30 - October 4, 2002, Proceedings},
  year = {2002},
  publisher = {Springer},
  bibsource = {DBLP, http://dblp.uni-trier.de},
  booktitle = {UML},
  isbn = {3-540-44254-5}
}

@PROCEEDINGS{DBLP:conf/kbse/2007,
  title = {22nd IEEE/ACM International Conference on Automated Software Engineering
	(ASE 2007), November 5-9, 2007, Atlanta, Georgia, USA},
  year = {2007},
  bibsource = {DBLP, http://dblp.uni-trier.de},
  booktitle = {ASE},
  isbn = {978-1-59593-882-4 }
}

@MANUAL{OCL-Spec,
  title = {OCL 2.0 specification: http://www.omg.org/spec/OCL/2.0/},
  key={OCL},
  year = {2008}
}

@MANUAL{ECORE,
  title = {{EMF} : http://www.eclipse.org/modeling/emf/},
  key={ECORE},
  year = {2009}
}

@PROCEEDINGS{DBLP:conf/issre/2006,
  title = {17th International Symposium on Software Reliability Engineering
	(ISSRE 2006), 7-10 November 2006, Raleigh, North Carolina, USA},
  year = {2006},
  publisher = {IEEE Computer Society},
  bibsource = {DBLP, http://dblp.uni-trier.de},
  booktitle = {ISSRE}
}

@PROCEEDINGS{DBLP:conf/iwpt/2001,
  title = {Proceedings of the Seventh International Workshop on Parsing Technologies
	(IWPT-2001), 17-19 October 2001, Beijing, China},
  year = {2001},
  publisher = {Tsinghua University Press},
  bibsource = {DBLP, http://dblp.uni-trier.de},
  booktitle = {IWPT},
  isbn = {7-302-04925-4}
}

@PROCEEDINGS{DBLP:conf/iwpt/2001,
  title = {Proceedings of the Seventh International Workshop on Parsing Technologies
	(IWPT-2001), 17-19 October 2001, Beijing, China},
  year = {2001},
  publisher = {Tsinghua University Press},
  bibsource = {DBLP, http://dblp.uni-trier.de},
  booktitle = {IWPT},
  isbn = {7-302-04925-4}
}

@MANUAL{Alloy-MM-usecase,
  title = {{Alloy} usecase: http://www.lsis.org/kleinerm/MS/Alloy\_mm.html},
  key={Alloy-MM-usecase},
  year = {2010}
}

@MANUAL{ICFG-MM-usecase,
  title = {{OCL+} usecase: http://www.lsis.org/kleinerm/MS/OCLP\_mm.html},
  key={ICFG-MM-usecase},
  year = {2010}
}

@MANUAL{ModelSearch-usecase,
  title = {{Model} search: http://www.lsis.org/kleinerm/MS/ModelSearch-Alloy.html},
  key={ModelSearch-usecase},
  year = {2010}
}

@MANUAL{TAS-CLAR-usecase,
  title = {Class-Relational usecase: http://www.lsis.org/kleinerm/TAS/TAS-CLAR-usecase.html},
  key={TAS-CLAR-usecase},
  year = {2013}
}

@inproceedings{DBLP:conf/stoc/Cook71,
  author    = {Cook S. A},
  title     = {The Complexity of Theorem-Proving Procedures},
  booktitle = {STOC},
  year      = {1971},
  pages     = {151-158},
  crossref  = {DBLP:conf/stoc/STOC3},
  bibsource = {DBLP, http://dblp.uni-trier.de}
}

@proceedings{DBLP:conf/stoc/STOC3,
  title     = {Conference Record of Third Annual ACM Symposium on Theory
               of Computing, 1971, Shaker Heights, Ohio, USA},
  booktitle = {STOC},
  publisher = {ACM},
  year      = {1971},
  bibsource = {DBLP, http://dblp.uni-trier.de}
}

@inproceedings{DBLP:conf/models/KessentiniSB08,
  author    = {M. Kessentini and
               H. A. Sahraoui and
               M. Boukadoum},
  title     = {Model Transformation as an Optimization Problem},
  booktitle = {Proceedings of the MoDELS conference},
  year      = {2008},
  pages     = {159-173},
  ee        = {http://dx.doi.org/10.1007/978-3-540-87875-9_12},
  bibsource = {DBLP, http://dblp.uni-trier.de}  
}

@inproceedings{DBLP:conf/splc/White1,
  author    = {J. White and D. C. Schmidt and D. Benavides and P. Trinidad and A. Ruiz-Cortez},
  title     = {Automated Diagnosis of Product-line Configuration Errors in Feature Models},
  booktitle = {Proceedings of the Software Product Lines Conference},
  year      = {2008}
  }
 

@MANUAL{atlc2r,
  title = {{ATL} Class to Relational transformation, eclipse.org},
  key={atlc2r},
  month={Mar},
  year = {2005}
}

@techreport{reportc2r,
  title = {Converting Class Diagrams to Object-Relational Schema: Using the {MDA} to
exploit the expressive power of the full {SQL}},
  author = {Christopher Anderton and Leonor Barroca and David Bowers and Michael Newton},
  year = {2009},
  number = {2009/04},
  type = {Technical Report},
  url = {http://computing-reports.open.ac.uk/2009/TR2009-04.pdf}
}


@inproceedings{tefkat,
  author    = {M. Lawley and
               J. Steel},
  title     = {Practical Declarative Model Transformation with Tefkat},
  booktitle = {MoDELS Satellite Events},
  year      = {2005},
  pages     = {139-150}
}

@inproceedings{modelsearch09,
  author    = {M. Kleiner and
               M. Didonet Del Fabro and
               P. Albert},
  title     = {Model Search: Formalizing and Automating Constraint Solving
               in {MDE} Platforms},
  booktitle = {Proceedings of the ECMFA conference},
  year      = {2010},
  pages     = {173-188}
}


