@INPROCEEDINGS{Meyer98a, 
author={Meyer, B.}, 
booktitle={Technology of Object-Oriented Languages, 1998. TOOLS 26. Proceedings}, title={Design By Contract. The Eiffel Method}, 
year={1998}, 
pages={446-446}, 
keywords={Application software;Contracts;Production systems;Q factor;Robustness;Software engineering;Software libraries;Software quality;Software reusability;Software systems}, 
doi={10.1109/TOOLS.1998.711043},}

@inproceedings{ecmfa12, 
	AUTHOR = {Guy, Cl{'e}ment and Combemale, Benoit and Derrien, Steven and Steel, Jim and J{'e}z{'e}quel, Jean-Marc}, 
	TITLE = {{On Model Subtyping}}, 
	BOOKTITLE = {{ECMFA}}, 
	YEAR = {2012}, 
	MONTH = Jul, 
  	pages = {400--415},
  	publisher = {Springer},
  	series    = {LNCS},
	number    = {7349},
}

@article{meyer1992applying,
  title={Applying'design by contract'},
  author={Meyer, B.},
  journal={Computer},
  volume={25},
  number={10},
  pages={40--51},
  year={1992},
  publisher={IEEE}
}


@article{Steel07,
  author = {Jim Steel and Jean M. Jézéquel},
  journal = {SoSyM},
  number = {4},
  title = {{On model typing}},
  volume = {6},
  year = {2007},
}

@article{Bruce03,
  author    = {Kim B. Bruce and Angela Schuett and Robert van Gent and Adrian Fiech},
  title     = {PolyTOIL: A type-safe polymorphic object-oriented language.},
  journal   = {{ACM} TOPLAS},
  volume    = {25},
  number    = {2},
  year      = {2003},
}

@incollection{ Ernst01,
  title={Family polymorphism},
  author={Ernst, Erik},
  booktitle={ECOOP 2001 Object Oriented Programming},
  pages={303--326},
  year={2001},
  publisher={Springer}
}

@article{Saito07,
  author    = {Chieri Saito and Atsushi Igarashi},
  title     = {The Essence of Lightweight Family Polymorphism},
  journal   = {JOT},
  volume    = {7},
  number    = {5},
  year      = {2007},
}

@inproceedings{Jolly04,
  author = {Paul Jolly and Sophia Drossopoulou and Christopher Anderson and Klaus Ostermann},
  title = {Simple Dependent Types: {Concord}},
  booktitle = {ECOOP Workshop on Formal Techniques for {Java}-like Programs},
  year = {2004},
}

@article{Liskov94,
  author = {Liskov, Barbara and Wing, Jeanette M.},
  journal = {{ACM} TOPLAS},
  number = {6},
  title = {A Behavioral Notion of Subtyping},
  volume = {16},
  year = {1994},
}

@MANUAL{MOF,
  title = {Meta Object Facility (MOF) 2.0 Core Specification},
  organization = {OMG},
  year = {2006},
}

@manual{OCL,
   title = {{UML Object Constraint Language (OCL) 2.0 Specification}},
   organization = {OMG},
   year = {2003},
}
@inproceedings{Sen09,
	Author = {Sen, Sagar and Moha, Naouel and Baudry, Benoit and J{\'e}z{\'e}quel, Jean-Marc},
	Booktitle = {MODELS},
	Title = {{Meta-model Pruning}},
	Year = {2009},
}

@inproceedings{Jeanneret11,
	Author = {Jeanneret, C{\'e}dric and Glinz, Martin and Baudry, Benoit},
	Booktitle = {ICSE},
	Title = {Estimating Footprints of Model Operations},
	Year = {2011},
}

@article{Sen10,
	Author = {Sen, Sagar and Moha, Naouel and Mah{\'e}, Vincent and Barais, Olivier and Baudry, Benoit and J{\'e}z{\'e}quel, Jean-Marc},
	Journal = {SoSyM},
	Publisher = {Springer},
	Title = {Reusable model transformations},
	Volume = {11},
	number = {1},
	Year = {2010},
}

@article{Stevens10,
  author    = {Perdita Stevens},
  title     = {Bidirectional model transformations in QVT: semantic issues
               and open questions},
  journal   = {SoSyM},
  volume    = {9},
  number    = {1},
  year      = {2010},
}

@inproceedings{Czarnecki09,
  author    = {Krzysztof Czarnecki and
               J. Nathan Foster and
               Zhenjiang Hu and
               Ralf L{\"a}mmel and
               Andy Sch{\"u}rr and
               James F. Terwilliger},
  title     = {{Bidirectional Transformations: A Cross-Discipline Perspective}},
  booktitle = {ICMT},
  year      = {2009},
}

@article{Hu11,
  author    = {Zhenjiang Hu and
               Andy Sch{\"u}rr and
               Perdita Stevens and
               James F. Terwilliger},
  title     = {Bidirectional Transformation "bx" (Dagstuhl Seminar 11031)},
  journal   = {Dagstuhl Reports},
  volume    = {1},
  number    = {1},
  year      = {2011},
}

@inproceedings{Hofmann11,
  author    = {Martin Hofmann and
               Benjamin C. Pierce and
               Daniel Wagner},
  title     = {Symmetric lenses},
  booktitle = {POPL},
  year      = {2011},
}

@article{Foster07,
  author    = {J. Nathan Foster and
               Michael B. Greenwald and
               Jonathan T. Moore and
               Benjamin C. Pierce and
               Alan Schmitt},
  title     = {Combinators for bidirectional tree transformations: A linguistic
               approach to the view-update problem},
  journal   = {{ACM} TOPLAS},
  volume    = {29},
  number    = {3},
  year      = {2007},
}

@inproceedings{Bohannon06,
  author    = {Aaron Bohannon and
               Benjamin C. Pierce and
               Jeffrey A. Vaughan},
  title     = {Relational lenses: a language for updatable views},
  booktitle = {PODS},
  year      = {2006},
}

@inproceedings{Hidaka10,
  author    = {Soichiro Hidaka and
               Zhenjiang Hu and
               Kazuhiro Inaba and
               Hiroyuki Kato and
               Kazutaka Matsuda and
               Keisuke Nakano},
  title     = {Bidirectionalizing graph transformations},
  booktitle = {ICFP},
  year      = {2010},
}

@inproceedings{Voigtlander09,
  author    = {Janis Voigtl{\"a}nder},
  title     = {Bidirectionalization for free! (Pearl)},
  year      = {2009},
  booktitle = {POPL},
}

@incollection{ Varro04,
  title={Generic and meta-transformations for model transformation engineering},
  author={Varr{\'o}, D{\'a}niel and Pataricza, Andr{\'a}s},
  booktitle={<< UML>> 2004-The Unified Modeling Language. Modelling Languages and Applications},
  pages={290--304},
  year={2004},
  publisher={Springer}
}

@inproceedings{Cuccuru07,
 author = {Cuccuru, Arnaud and Mraidha, Chokri and Terrier, Fran\c{c}ois and G\'{e}rard, S\'{e}bastien},
 title = {Templatable metamodels for semantic variation points},
 booktitle = {ECMDA-FA},
 year = {2007},
}

@inproceedings{Sanchez08,
 author = {S\'{a}nchez Cuadrado, Jes\'{u}s and Garc\'{\i}a Molina, Jes\'{u}s},
 title = {Approaches for Model Transformation Reuse: Factorization and Composition},
 booktitle = {ICMT},
 year = {2008},
}

@inproceedings{deLara10,
 author = {de Lara, Juan and Guerra, Esther},
 title = {{Generic meta-modelling with concepts, templates and mixin layers}},
 booktitle = {{MODELS: Part I}},
 series = {MODELS},
 year = {2010},
}

@article {deLara11,
   author = {de Lara, Juan and Guerra, Esther},
   title = {From types to type requirements: genericity for model-driven engineering},
   journal = {SoSyM},
   year = {2011},
}

@inproceedings{Sanchez11,
   author = {Sánchez Cuadrado, Jesús and Guerra, Esther and de Lara, Juan},
   title = {Generic Model Transformations: Write Once, Reuse Everywhere},
   booktitle = {ICMT},
   year = {2011},
}

@inproceedings{Wimmer11,
   author = {Wimmer, Manuel and Kusel, Angelika and Retschitzegger, Werner and Schönböck, Johannes and Schwinger, Wieland and Cuadrado, Jesús and Guerra, Esther and de Lara, Juan},
   title = {Reusing Model Transformations across Heterogeneous Metamodels},
   booktitle = {International Workshop on Multi-Paradigm Modeling},
   year = {2011},
}

@inproceedings{Kerboeuf11,
    title = {{A DSML for reversible transformations}},
    author = {Kerboeuf, Mickael and Babau, Jean-Philippe},
    booktitle = {{OOPSLA Workshop on Domain-Specific Modeling}},
    year = {2011},
}

@inproceedings{Moha09,
 author = {Moha, Naouel and Mah\'{e}, Vincent and Barais, Olivier and J\'{e}z\'{e}quel, Jean-Marc},
 title = {{Generic Model Refactorings}},
 booktitle = {MODELS},
 year = {2009},
}

@inproceedings{Sasano11,
 author = {Sasano, Isao and Hu, Zhenjiang and Hidaka, Soichiro and Inaba, Kazuhiro and Kato, Hiroyuki and Nakano, Keisuke},
 title = {Toward bidirectionalization of ATL with GRoundTram},
 booktitle = {ICMT},
 year = {2011},
}

@inproceedings{Wider11,
  author = 	    {Wider, Arif},
  title = 	    {Towards Combinators for Bidirectional Model Transformations in Scala},
  booktitle = 	    {SLE},
  volume =          {6940},
  year =            {2012},
}

@inproceedings{Charfi10,
  author    = {Asma Charfi and
               Chokri Mraidha and
               S{\'e}bastien G{\'e}rard and
               Fran\c{c}ois Terrier and
               Pierre Boulet},
  title     = {Toward optimized code generation through model-based optimization},
  booktitle = {DATE},
  year      = {2010},
}

@book{Aho06,
  author = {Alfred V. Aho and Monica S. Lam and Ravi Sethi and Jeffrey D. Ullman},
  title = {{Compilers: Principles, Techniques, and Tools (2nd Edition)}},
  publisher = {{Addison Wesley}},
  year = {2006},
}

@TechReport{Scala04, 
  author =       {Martin Odersky and Philippe Altherr and Vincent Cremet and Iulian Dragos and Gilles Dubochet and Burak Emir and Sean McDirmid and Stéphane Micheloud and
Nikolay Mihaylov and Michel Schinz and Erik Stenman and Lex Spoon and Matthias Zenger}, 
  title =        {An {O}verview of the {S}cala {P}rogramming 
                  {L}anguage}, 
  institution =  {EPFL}, 
  address =      {Lausanne, Switzerland}, 
  year =         2004, 
  number =       {IC/2004/64},
}

@inproceedings{Wimmer10,
  author    = {Manuel Wimmer and
               Gerti Kappel and
               Angelika Kusel and
               Werner Retschitzegger and
               J. Schoenboeck and
               Wieland Schwinger},
  title     = {From the Heterogeneity Jungle to Systematic Benchmarking},
  booktitle = {MoDELS Workshops},
  year      = {2010},
}

@PHDTHESIS{SteelThesis,
  author = {Steel, Jim},
  title = {Typage de modèles},
  school = {Universit?de Rennes 1},
  year = {2007},
  month = apr,
  url = {http://www.irisa.fr/triskell/publis/2007/Steel07b.pdf}
}

@inproceedings{Babau11,
    title = {{Domain Specific Language Modeling Facilities}},
    author = {Babau, Jean-Philippe and Kerboeuf, Mickael},
    booktitle = {{MoDELS Workshop on Models and Evolution}},
    year = {2011},
}

@inproceedings{Herrmannsdoerfer10,
 author = {Herrmannsdoerfer, Markus and Vermolen, Sander D. and Wachsmuth, Guido},
 title = {An extensive catalog of operators for the coupled evolution of metamodels and models},
 booktitle = {SLE},
 year = {2011},
 publisher = {Springer},
}

@inproceedings{Cousot77,
 author = {Cousot, Patrick and Cousot, Radhia},
 title = {Abstract interpretation: a unified lattice model for static analysis of programs by construction or approximation of fixpoints},
 booktitle = {POPL},
 series = {POPL},
 year = {1977},
}

@article {Vignaga,
   author = {Vignaga, Andrés and Jouault, Frédéric and Bastarrica, María and Brunelière, Hugo},
   title = {Typing artifacts in megamodeling},
   journal = {SoSyM},
   year = {2011},
}

@article {Mens06,
	title            = "A Taxonomy of Model Transformation",
	year             = "2006",
	author           = "Tom Mens and Pieter Van Gorp",
	journal          = "Electronic Notes in Theoretical Computer Science",
	volume           = "152",
}

@article{ Kuhne12,
  title={On model compatibility with referees and contexts},
  author={K{\"u}hne, Thomas},
  journal={Software \& Systems Modeling},
  pages={1--14},
  year={2012},
  publisher={Springer}
}

@article{jackson2002alloy,
  title={Alloy: a lightweight object modelling notation},
  author={Jackson, D.},
  journal={ACM Transactions on Software Engineering and Methodology (TOSEM)},
  volume={11},
  number={2},
  pages={256--290},
  year={2002},
  publisher={ACM}
}

@inproceedings{gupta1994constraint,
  title={Constraint checking with partial information},
  author={Gupta, A. and Sagiv, Y. and Ullman, J.D. and Widom, J.},
  booktitle={Proceedings of the thirteenth ACM SIGACT-SIGMOD-SIGART symposium on Principles of database systems},
  pages={45--55},
  year={1994},
  organization={ACM}
}

@inproceedings{sun2011rigorous,
  title={Rigorous Analysis of UML Access Control Policy Models},
  author={Sun, W. and France, R. and Ray, I.},
  booktitle={IEEE POLICY},
  pages={9--16},
  year={2011},
}


@article{muller2005weaving,
  title={Weaving executability into object-oriented meta-languages},
  author={Muller, P.A. and Fleurey, F. and J{\'e}z{\'e}quel, J.M.},
  journal={Model Driven Engineering Languages and Systems},
  pages={264--278},
  year={2005},
  publisher={Springer}
}

@book{steinberg2008emf,
  title={EMF: Eclipse Modeling Framework},
  author={Steinberg, D. and Budinsky, F. and Merks, E. and Paternostro, M.},
  year={2008},
  publisher={Addison-Wesley Professional}
}

@article{jezequel2011model,
  title={Model driven language engineering with Kermeta},
  author={J{\'e}z{\'e}quel, J.M. and Barais, O. and Fleurey, F.},
  journal={Generative and Transformational Techniques in Software Engineering III},
  pages={201--221},
  year={2011},
  publisher={Springer}
}

@article{liskov1994behavioral,
  title={A behavioral notion of subtyping},
  author={Liskov, B.H. and Wing, J.M.},
  journal={ACM Transactions on Programming Languages and Systems (TOPLAS)},
  volume={16},
  number={6},
  pages={1811--1841},
  year={1994},
  publisher={ACM}
}

@article{anastasakis2010challenges,
  title={On challenges of model transformation from UML to Alloy},
  author={Anastasakis, K. and Bordbar, B. and Georg, G. and Ray, I.},
  journal={Software and Systems Modeling},
  volume={9},
  number={1},
  pages={69--86},
  year={2010},
  publisher={Springer}
}

@inproceedings{iacob2008reusable,
  title={Reusable model transformation patterns},
  author={Iacob, M.E. and Steen, M.W.A. and Heerink, L.},
  booktitle={Enterprise Distributed Object Computing Conference Workshops, 2008 12th},
  pages={1--10},
  year={2008},
  organization={IEEE}
}

@article{rivera2009orchestrating,
  title={Orchestrating ATL model transformations},
  author={Rivera, J.E. and Ruiz-Gonzalez, D. and Lopez-Romero, F. and Bautista, J. and Vallecillo, A.},
  journal={Proc. of MtATL},
  pages={34--46},
  year={2009}
}


@article{vanhooff2007uniti,
  title={Uniti: A unified transformation infrastructure},
  author={Vanhooff, B. and Ayed, D. and Van Baelen, S. and Joosen, W. and Berbers, Y.},
  journal={Model Driven Engineering Languages and Systems},
  pages={31--45},
  year={2007},
  publisher={Springer}
}

@inproceedings{von2008constructing,
  title={Constructing and visualizing transformation chains},
  author={von Pilgrim, J. and Vanhooff, B. and Schulz-Gerlach, I. and Berbers, Y.},
  booktitle={Model Driven Architecture--Foundations and Applications},
  pages={17--32},
  year={2008},
  organization={Springer}
}

@article{aranega2012using,
  title={Using Feature Model to Build Model Transformation Chains},
  author={Aranega, V. and Etien, A. and Mosser, S.},
  journal={Model Driven Engineering Languages and Systems},
  pages={562--578},
  year={2012},
  publisher={Springer}
}



@article{yie2012realizing,
  title={Realizing model transformation chain interoperability},
  author={Yie, A. and Casallas, R. and Deridder, D. and Wagelaar, D.},
  journal={Software and Systems Modeling},
  pages={1--21},
  year={2012},
  publisher={Springer}
}


