
@PHDTHESIS{JLAThesis2012,
	AUTHOR = {J. Lasalle},
	TITLE = {{Automatic Test Generation from SysML Models to Validate Embedded Systems.}},
	TYPE = {{PhD thesis}},
	SCHOOL = {DISC/FEMTO-ST - University of Franche-Comt\'{e}},
	YEAR = 2012
}

@book{UL06,
	author = {M. Utting and B. Legeard},
	title = {Practical Model-Based Testing - A tools approach},
	publisher = {Elsevier Science},
	editor = {Morgan and Kaufmann},
	NOTE =  {ISBN 0 12 372501 1},
	year = 2006
}

@article{UPL11,
author = {M. Utting and A. Pretschner and B. Legeard},
title = {A taxonomy of model-based testing approaches},
journal = {Software Testing, Verification and Reliability},
publisher = {John Wiley & Sons, Ltd.},
issn = {1099-1689},
url = {http://dx.doi.org/10.1002/stvr.456},
doi = {10.1002/stvr.456},
year = {2011}
}


@Article{Dias10,
    author = {A.C. Dias-Neto and G.H. Travassos},
    title = {{A Picture from the Model-Based Testing Area: Concepts, Techniques, and Challenges}},
    journal = {Advances in Computers},
    year = {2010},
    month = {July},
    volume = {80},
    pages = {45-120},
    PUBLISHER = {Elsevier},
    NOTE =  {ISSN: 0065-2458}
}

@article{ZhuB09,
  author = {H. Zhu and F. Belli},
  title = {Advancing test automation technology to meet the challenges of model-based software testing},
  journal = {Journal of Information and Software Technology},
  year = {2009},
  volume = {51},
  number = {11},
  pages = {1485-1486}
}

@book{Myers79,
 author = {G.J. Myers},
 title = {Art of Software Testing},
 year = {1979},
 isbn = {0471043281},
 publisher = {John Wiley \& Sons, Inc.},
 address = {New York, NY, USA}
}

@InProceedings{Vilkomir01,
         author = {S.A. Vilkomir and J.P. Bowen},
         title = {{Formalization of software testing criteria using the Z notation}},
         booktitle = {Proceedings of the 25$^{th}$ Int. Conf. on Computer Software and Applications (COMPSAC'01)},
         year = 2001,
         address = {Chicago, USA},
         month = {October},
         publisher = {IEEE Computer Society Press}
}

@InProceedings{TGV02,
   Author = {C. Jard and T. Jeron},
   Title = {TGV: theory, principles and algorithms},
   BookTitle = {Proceedings of the $6^{th}$ World Conference on Integrated Design and Process Technology (IDPT'02)},
   Address = {Pasadena, California, USA},
   Month = {June},
   Year = {2002}
} 

@article{AGATHA04,
 author = {D. Lugato and C. Bigot and Y. Valot and J-P. Gallois and S. Gerard and F. Terrier},
 title = {Validation and automatic test generation on {UML} models: the {AGATHA} approach},
 journal = {Int. Journal on Software Tools for Technology Transfer (STTT)},
 volume = {5},
 issue = {2},
 month = {March},
 year = {2004},
 issn = {1433-2779},
 pages = {124--139},
 publisher = {Springer-Verlag}
} 

@inproceedings{bglp08,
author = {F. Bouquet and C. Grandpierre and B. Legeard and F. Peureux},
title = {A test generation solution to automate software testing},
booktitle = {Proceedings of the $3^{rd}$ Int. Workshop on Automation of Software Test (AST'08)},
pages = {45-48},
address = {Leipzig, Germany},
month = {May},
year = 2008,
publisher = {ACM}
}

@incollection{SpecExplorer08,
 author = {M. Veanes and C. Campbell and W. Grieskamp and W. Schulte and N. Tillmann and L. Nachmanson},
 title = {Model-based testing of object-oriented reactive systems with spec explorer},
 booktitle = {Formal Methods and Testing},
 volume = 4949,
 year = {2008},
 isbn = {3-540-78916-2},
 pages = {39--76},
 publisher = {Springer-Verlag}
} 

@BOOK{UML04,
	author = {J. Rumbaugh and I. Jacobson and G. Booch},
  	title = {{The Unified Modeling Language Reference Manual}},
  	publisher = {Addison-Wesley},
  	edition = {$2^{nd}$},
  	year = {2004},
	note = {ISBN 0321245628}
}

@inproceedings{bbglp06,
author = {E. Bernard and F. Bouquet and A. Charbonnier and B. Legeard and F. Peureux and M. Utting and E. Torreborre},
title = {Model-based Testing from {UML} Models},
booktitle = {Proceedings of the Int. Workshop on Model-based Testing (MBT'2006)},
series = {LNCS},
volume = 94,
pages = {223-230},
address = {Dresden, Germany},
publisher =  {Springer Verlag},
month = {October},
year = 2006
}

@inproceedings{weiss10,
author = {S. Wei{\ss}leder},
title = {Simulated Satisfaction of Coverage Criteria on {UML} State Machines},
booktitle = {Proceedings of the $3^{rd}$ Int. Conference on Software Testing, Verification and Validation (ICST'10)},
pages = {117-126},
address = {Paris, France},
publisher = {IEEE Computer Society},
month = {April},
year = 2010
}


@inproceedings{bglp07,
author = {F. Bouquet and C. Grandpierre and B. Legeard and F. Peureux and N. Vacelet and M. Utting},
title = {A subset of precise {UML} for model-based testing},
booktitle = {Proc. of the Int. Work. on Advances in Model Based Testing},
pages = {95-104},
address = {London, UK},
publisher = {ACM Press},
month = {July},
year = 2007
}

@inproceedings{FMS99,
  author = 	 {J.M. Faria and S. Mahomad and N. Silva},
  title = 	 {Tactical Results from the application of Model Checking and Test Generation from {UML/SysML} Model of On-Board Space Applications},
  booktitle = 	 {Proceedings of the Int. Conference on DAta Systems In Aerospace (DASIA'09)},
  address = {Istanbul, Turkey},
  publisher = {{ESA} Press},
  note= {ESA SP-669},
  month = {May},
  year =  {2009}
}


@Book{OCL96,
  	author = {J. Warmer and A. Kleppe},
  	title =  {{The Object Constraint Language: Precise Modeling with UML}},
  	publisher = {Addison-Wesley},
  	year = 1996,
	note = {ISBN 0 201 37940 6}
}

@book{FMS09,
 author = {S. Friedenthal and A. Moore and R. Steiner},
 title = {A Practical Guide to SysML: The Systems Modeling Language},
 publisher = {Morgan Kaufmann},
 NOTE = {ISBN 9780123743794},
 year = 2009
}

@article{Bring08,
author = {E. Bringmann and A. Kramer},
title = {Model-Based Testing of Automotive Systems},
journal ={Int. Conference on Software Testing, Verification, and Validation},
year = {2008},
pages = {485-493},
publisher = {IEEE Computer Society},
address = {Los Alamitos, CA, USA}
}

@TechReport{Marte,
  author =   {OMG},
  title =    {{UML Profile for MARTE}},
  year =     {2007},
  type =     {Revised draft},
  number =   {07-03-03L4.1},
  month =    {April},
  institution={OMG}
}

@InBook{UMLRT,
  author = 	 {R. Grosu and M. Broy and B. Selic and and G. Stefanescu},
  title = 	 {What is Behind {UML-RT?}},
  chapter = 	 {6},
  publisher = 	 {Kluwer},
  year = 	 {1999},
  note = 	 {ISBN 0-7923-8629-9}
}

@InProceedings{UMLFM10,
  author =      {J. Lasalle and F. Bouquet and B. Legeard and F. Peureux},
  title =      {{SysML} to {UML} model transformation for test generation purpose},
  booktitle =    {{$3^{rd}$ Int. Workshop on UML and Formal Methods (UML\&FM'10)}},
  year =      {2010},
  pages =      {1--8},
  month =      {November},
  address =      {Shanghai, China},
  publisher =    {ACM SIGSOFT}
}

@article{UMLFM11,
author = {J. Lasalle and F. Peureux and F. Fondement},
title =  {Development of an automated {MBT} toolchain from {UML/SysML} models},
journal = {Special issue of the Int. NASA Journal on Innovations in Systems and Software Engineering},
pages = {247--256},
volume = 7,
number = 4,
publisher = {Springer},
month = {September},
year = 2011
}

@inproceedings{LPG11,
 author = {J. Lasalle and F. Peureux and J. Guillet},
 title = {Automatic test concretization to supply end-to-end {MBT} for automotive mechatronic systems},
 booktitle = {Proc. of the $1^{st}$ Int. Work. on End-to-End Test Script Engineering},
 year = {2011},
 address = {Toronto, Canada},
 pages = {16--23},
 publisher = {ACM}
} 


@InProceedings{OXL99,
  author =   {A.J. Offutt and Y. Xiong and S. Liu},
  title =    {{Criteria for generating specification-based tests}},
  booktitle = {Proc. of the IEEE Int. Conf. on Engineering of Complex Computer Systems},
  pages =    {119--131},
  month =    {October},
  year =     {1999},
  address =  {Las Vegas, USA},
  publisher = {IEEE Computer Society Press}
}

@Article{FW88,
    author = {P.G. Frankl and E.J. Weyuker},
    title = {{An Applicable Family of Data Flow Testing Criteria}},
    journal = {The Journal of IEEE Transaction on Software Engineering},
    year = {1988},
    volume = {14},
    number = {10},
    pages = {1483-1498}
}

@Article{RW85,
    author = {S. Rapps and E.J. Weyuker},
    title = {{Selecting Software Test Data Using Data Flow Information}},
    journal = {Journal of IEEE Transaction on Software Engineering},
    year = {1985},
    volume = {11},
    number = {4},
    pages = {367-375}
} 

@inproceedings{CombiningSysMLMarte,
 author = {H. Espinoza and D. Cancila and B. Selic and S. G\'{e}rard},
 title = {Challenges in Combining SysML and MARTE for Model-Based Design of Embedded Systems},
 booktitle = {Proceedings of the 5$^{th}$ European Conference on Model Driven Architecture (ECMDA-FA'09)},
 year = {2009},
 isbn = {978-3-642-02673-7},
 location = {Enschede, The Netherlands},
 pages = {98--113},
 publisher = {Springer-Verlag}
}

@Misc{vetess,
  key =      {{VETESS}},
  title =    {{The VETESS web site}},
  howpublished = {\url{http://lifc.univ-fcomte.fr/vetess/}},
  year =     2010
}

@article{EHMANNS2000,
  author = {D. Ehmanns and A. Hochstadter},
  title = {Driver-model of lane change maneuvers},
  journal = {7th World Congress on Intelligent Transportation Systems},
  year = {2000},
  address = {Turin, Italia},
  month = {November},
}

@INPROCEEDINGS{GLASER2002,
  author = {S. Glaser and S. Mammar and J. Sainte-Marie},
  title = {Lateral driving assistance using embedded driver-vehicle-road model},
  booktitle = {Conference on Engineering Systems Design and Analysis},
  year = {2002},
  address = {Istanbul, Turkey},
  month = {8-11 July},
}


%Nouvelles refs 

@inproceedings{Tretmans96,
  author    = {J. Tretmans},
  title     = {Test Generation with Inputs, Outputs, and Quiescence},
  booktitle = {TACAS},
  year      = {1996},
  pages     = {127-146},
  ee        = {http://dx.doi.org/10.1007/3-540-61042-1_42},
  crossref  = {DBLP:conf/tacas/1996},
  bibsource = {DBLP, http://dblp.uni-trier.de}
}

@inproceedings{ioco2004,
          volume = {2931},
          author = {H.M. {van der Bijl} and A. {Rensink} and G.J. {Tretmans}},
          series = {LNCS},
       booktitle = {Formal Approaches to Software Testing (FATES)},
         address = {Berlin},
           title = {Compositional Testing with ioco},
       publisher = {Springer Verlag},
            year = {2004},
           pages = {86--100},
             url = {http://doc.utwente.nl/66359/}
}

@INPROCEEDINGS{Hamlet94randomtesting,
    author = {R. Hamlet},
    title = {Random Testing},
    booktitle = {Encyclopedia of Software Engineering},
    year = {1994},
    pages = {970--978},
    publisher = {Wiley}
}


@Techreport{Simula,
  author = {M.Z. Iqbal and A. Arcuri and L. Briand},
  title = {Automated System Testing of Real-Time Embedded Systems Based on Environment Models},
  year = {2011},
  institution = {Simula},
  number = {2011-19}
}

@incollection{ SimulaEnvModeling,
   author = {M.Z. Iqbal and A. Arcuri and L. Briand},
   title = {Environment Modeling with {UML/MARTE} to Support Black-Box System Testing for Real-Time Embedded Systems},
   booktitle = {Model Driven Engineering Languages and Systems},
   series = {LNCS 6394},
   isbn = {978-3-642-16144-5},
   pages = {286-300},
   year = {2010}
}

@inproceedings{Thacker,
 author = {R.A. Thacker and C.J. Myers and K. Jones and S.R. Little},
 title = {A new verification method for embedded systems},
 booktitle = {Proceedings of the 2009 IEEE Int. Conference on Computer design},
 series = {ICCD'09},
 year = {2009},
 isbn = {978-1-4244-5029-9},
 location = {Lake Tahoe, California, USA},
 pages = {193--200},
 numpages = {8},
 url = {http://dl.acm.org/citation.cfm?id=1792354.1792393},
 acmid = {1792393},
 publisher = {IEEE Press},
 address = {Piscataway, NJ, USA}
}

@inproceedings{Testbenches,
  title = {Generation of Executable Testbenches from Natural Language Requirement Specifications for Embedded Real-Time Systems},
  author = {W. Muller and A. Bol and A. Krupp and O. Lundkvist},
  year = {2010},
  doi = {http://dx.doi.org/10.1007/978-3-642-15234-4_9},
  pages = {78-89},
  booktitle = {Advances in Information and Communication Technology, Brisbane, Australia},
  volume = {329},
  series = {IFIP},
  publisher = {Springer},
  isbn = {978-3-642-15233-7}
}

@article{Petin,
	title={{Combining SysML and formal models for safety requirements verification}},
	journal={Systems Engineering},
	author={J-F. Petin and D. Evrot and G. Morel and P. Lamy},
	year={2010},
	pages={1--10}
}

@Article{bonfe,
  author = 	 {M. Bonf\'{e} and C. Fantuzzi},
  title = 	 {Object-Oriented modeling of logic control systems for industrial applications},
  journal = 	 {Journal on Automation Technology in Practice},
  year = 	 {2005},
  volume = 	 {2},
  OPTmonth = 	 {october}
}


@InProceedings{Evrot,
  author = 	 {D. Evrot and J-F. P\'{e}tin and G. Morel and P. Lamy},
  title = 	 {{Using SysML for identification and refinement of machinery 
safety properties}},
  year = 	 {2007},
   booktitle = {Proceedings of IFAC Workshop on Dependable Control of Discretes Systems, June 2007, 
Cachan, France.}
}

@Book{ESglossary,
  author = 	 {J. Ganssle and M. Barr},
  editor = 	 {CMP Books},
  title = 	 {Embedded Systems Dictionary},
  year = 	 {2003}
}


@article{AMS06, 
  author={M. Auguston and J.B. Michael and M-T. Shing}, 
  title={Environment behavior models for automation of testing and assessment of system safety}, 
  volume={48}, 
  number={10}, 
  journal={Information and Software Technology}, 
  year={2006}, 
  pages={971--980}}

@incollection{Hessel08,
  author = {A. Hessel and K.G. Larsen and M. Miku{\`e}ionis and B. Nielsen and P. Pettersson and A. Skou},
  title = {Testing Real-time systems using UPPAAL},
  year = {2008},
  pages = {77-117},
  booktitle={Formal Methods and Testing},
  publisher = {Spring-Verlag}
}

@inproceedings{Thacker09, 
  author = {R.A. Thacker and C.J. Myers and K. Jones and S.R. Little}, 
  title = {A new verification method for embedded systems}, 
  booktitle = {Proceedings of the IEEE Int. Conference on Computer Design (ICCD'09)}, 
  year = {2009}, 
  isbn = {978-1-4244-5029-9},
  location = {Lake Tahoe, California, USA}, 
  pages = {193--200}, 
  publisher = {IEEE Press}} 

@inproceedings{ABLLP12,
   author = {F. Ambert and F. Bouquet and J. Lasalle and B. Legeard and F. Peureux},
   title = {{Applying an MBT Toolchain to Automotive Embedded Systems: Case Study Reports}},
   booktitle = {Proceedings of the 4$^{th}$ Int. Conference on Advances in System Testing and Validation Lifecycle (VALID'12)},
   pages = {139--144},
   address = {Lisbon, Portugal},
   month = nov,
   year = 2012
}