@inproceedings{derric_casestudy,
  author    = {Jeroen van den Bos and Tijs van der Storm},
  title     = {{Bringing Domain-Specific Languages to Digital Forensics}},
  booktitle = {33rd International Conference on Software Engineering (ICSE'11)},
  year      = {2011},
  pages     = {671-680},
  publisher = {ACM}
}

@inproceedings{derric_background,
  author    = {Leon Aronson and Jeroen van den Bos},
  title     = {{Towards an Engineering Approach to File Carver Construction}},
  booktitle = {2011 IEEE 35th Annual Computer Software and Applications Conference Workshops (COMPSACW)},
  year      = {2011},
  pages     = {368-373},
  publisher = {IEEE}
}

@inproceedings{derric_transformations,
  author    = {Jeroen van den Bos and Tijs van der Storm},
  title     = {{Domain-Specific Optimization in Digital Forensics}},
  booktitle = {5th International Conference on Model Transformation (ICMT'12)},
  series    = {LNCS},
  volume    = {7307},
  year      = {2012},
  pages     = {121-136},
  editor    = {Zhenjiang Hu and Juan de Lara},
  publisher = {Springer}
}

@inproceedings{rascal,
  author    = {Paul Klint and Tijs van der Storm and Jurgen Vinju},
  booktitle = {Ninth IEEE International Working Conference on Source Code Analysis and Manipulation (SCAM'09)},
  pages     = {168-177},
  title     = {{Rascal: A Domain Specific Language for Source Code Analysis and Manipulation}},
  publisher = {IEEE},
  year      = {2009}
}

@inproceedings{claims,
  author    = {Shane Markstrum},
  title     = {{Staking Claims: A History of Programming Language Design Claims and Evidence: A Positional Work in Progress}},
  booktitle = {2nd ACM SIGPLAN Workshop on Evaluation and Usability of Programming Languages and Tools (PLATEAU'10)},
  year      = {2010},
  pages     = {7:1-7:5},
  publisher = {ACM},
}

@inproceedings{p3p,
  author    = {Ralf L\"{a}mmel and Ekaterina Pek}, 
  booktitle = {IEEE 18th International Conference on Program Comprehension (ICPC'10)},
  title     = {{Vivisection of a Non-Executable, Domain-Specific Language -- Understanding (the Usage of) the P3P Language}},
  year      = {2010}, 
  pages     = {104-113}, 
  publisher = {IEEE}
}

@inproceedings{mod4j,
  author    = {Vincent Lussenburg and Tijs van der Storm and Jurgen J. Vinju and Jos Warmer},
  title     = {{Mod4J: A Qualitative Case Study of Model-Driven Software Development}},
  booktitle = {13th International Conference on Model Driven Engineering Languages and Systems (MODELS'10) Part II},
  year      = {2010},
  series    = {LNCS},
  volume    = {6395},
  pages     = {346-360},
  editor    = {Dorina C. Petriu and Nicolas Rouquette and {\O}ystein Haugen},
  publisher = {Springer}
}

@article{MernikEtAl05,
  author    = {Marjan Mernik and Jan Heering and Anthony M. Sloane},
  title     = {{When and How to Develop Domain-Specific Languages}},
  journal   = {ACM Computing Surveys},
  volume    = {37},
  number    = {4},
  year      = {2005},
  pages     = {316-344},
  publisher = {ACM}
}

@article{vanDeursenEtAl00,
  author    = {Arie van Deursen and Paul Klint and Joost Visser},
  title     = {{Domain-Specific Languages: An Annotated Bibliography}},
  journal   = {SIGPLAN Notices},
  volume    = {35},
  number    = {6},
  year      = {2000},
  pages     = {26-36},
  publisher = {ACM}
}

@Book{RefactoringBook,
  author    = {Martin Fowler and Kent Beck and John Brant and William Opdyke and Don Roberts},
  title     = {Refactoring},
  year      = {1999},
  publisher = {Addison-Wesley}
}

@Misc{ISO14764,
  key       = {ISO14764},
  title     = {{ISO/IEC 14764: Software Engineering--Software Life Cycle Processes--Maintenance}},
  year      = {2006}
}

@article{vanDeursenKlint98,
  author    = {Arie van Deursen and Paul Klint},
  title     = {{Little Languages: Little Maintenance?}},
  journal   = {Journal of Software Maintenance},
  volume    = {10},
  number    = {2},
  year      = {1998},
  pages     = {75-92}
} 

@article{Oehlert05,
  author    = {Oehlert, Peter},
  title     = {{Violating Assumptions with Fuzzing}},
  journal   = {IEEE Security and Privacy},
  volume    = {3},
  number    = {2},
  year      = {2005},
  pages     = {58-62}
} 

@article{evolcomplexity,
  title     = {{On the Evolution Complexity of Design Patterns}},
  journal   = {Electronic Notes in Theoretical Computer Science},
  volume    = {127},
  number    = {3},
  pages     = {147-163},
  year      = {2005},
  author    = {Tom Mens and Amnon H. Eden}
}

@inproceedings{HillsKlintvdStormVinju2011,
  title     = {{A Case of Visitor versus Interpreter Pattern}},
  author    = {Mark Hills and Paul Klint and Tijs van der Storm and Jurgen J. Vinju},
  year      = {2011},
  booktitle = {49th Int. Conference on Objects, Models, Components and Patterns (TOOLS'11)},
  editor    = {Bishop, Judith and Vallecillo, Antonio},
  volume    = {6705},
  series    = {Lecture Notes in Computer Science},
  pages     = {228-243},
  publisher = {Springer}
}

@inproceedings{favre2011empirical,
  title     = {{Empirical Language Analysis in Software Linguistics}},
  author    = {Jean-Marie Favre and Dragan Gasevic and Ralf L{\"a}mmel and Ekaterina Pek},
  booktitle = {Third International Conference on Software Language Engineering (SLE'10)},
  series    = {LNCS},
  pages     = {316-326},
  year      = {2010},
  volume    = {6563},
  editor    = {Brian A. Malloy and Steffen Staab and Mark van den Brand},
  publisher = {Springer}
}

@inproceedings{HermansEtAl09,
	author = {Felienne Hermans and Martin Pinzger and Arie van Deursen},
	booktitle = {12th International Conference On Model Driven Engineering Languages And Systems (MODELS'09)},
	pages = {423-437},
	title = {{Domain-Specific Languages in Practice: A User Study on the Success Factors}},
	year = {2009},
	series={LNCS},
	volume={5795},
	editor={Andy Sch{\"u}rr and Bran Selic},
	publisher={Springer}
}

@inproceedings{KlintEtAl10,
  author    = {Paul Klint and Tijs van der Storm and Jurgen J. Vinju},
  title     = {{On the Impact of DSL Tools on the Maintainability of Language Implementations}},
  year      = {2010},
  booktitle = {10th Workshop on Language Descriptions, Tools and Applications (LDTA'10)},
  publisher = {ACM}
}

@inproceedings{UMLDiff,
  author    = {Xing, Zhenchang and Stroulia, Eleni},
  title     = {{UMLDiff: An Algorithm for Object-Oriented Design Differencing}},
  booktitle = {20th IEEE/ACM International Conference on Automated Software Engineering (ASE'05)},
  year      = {2005},
  pages     = {54-65},
  publisher = {ACM}
} 

@inproceedings{rlang,
  author    = {Flor{\'e}al Morandat and Brandon Hill and Leo Osvald and Jan Vitek},
  title     = {{Evaluating the Design of the R Language - Objects and Functions for Data Analysis}},
  booktitle = {26th European Conference on Object-Oriented Programming (ECOOP'12)},
  year      = {2012},
  pages     = {104-131},
  series    = {LNCS},
  editor    = {James Noble},
  volume    = {7313},
  publisher = {Springer}
}
