
@inproceedings{stoerrle:fish:vl2a:pon,
  title = {{Towards an Operationalization of the ``Physics of Notations'' for the Analysis of Visual Languages}},
  author = {St{\"o}rrle, Harald and Fish, Andrew},
  NNpages = {135--142},
  crossref = "vlhcc:12",
  note = {submitted for review}
 }

@inproceedings{ad:20??:xxx,
  note = {to be written},
  title = {{Defining the Semantics of Complex Activities by Unrolling}},
  author = {St{\"o}rrle, Harald},
  crossref = "models:14"
 }
 
 
@inproceedings{ms:1:xxx,
  note = {to be written},
  title = {{Model Modules}},
  author = {St{\"o}rrle, Harald},
  crossref = "models:14"
 }

@article{mq:2b:adhoc,
  note = {submitted to OCL-Workshop at Models'12},
  title = {{Querying Domain Models with OCL}},
  author = {St{\"o}rrle, Harald},
  NNeditor = {Cabot, Jordi and Clark, Tony and Clavel, Manuel and Gogolla, Martin},
  booktitle = {{Ws.\ OCL and Textual Modelling}},
  publisher = {??},
  pages = {??--??}
 }

@inproceedings{stoerrle:mvc4:presentation,
  author = {St{\"o}rrle, Harald},
  title = {{Making Sense to Modelers - Presenting UML Class Model Differences in Prose}},
  crossref = "modelsward:2013",
  pages = {39--48}
}
  
@inproceedings{stoerrle:ld1:layers,
  author = {St{\"o}rrle, Harald},
  title = {{Improving Modeling with Layered UML Diagrams}},
  crossref = "modelsward:2013",
  pages = {206--209}
}

@proceedings{modelsward:2013,
  booktitle = {{Proc.\ 1st Intl.\ Conf.\ Model-Driven Engineering and Software Development}},
  title = {{Proc.\ 1st Intl.\ Conf.\ Model-Driven Engineering and Software Development}},
  editor = {Filipe, Joaquim and {das Neves}, Rui César and Hammoudi, Slimane and Ferreira Pires, Luís},
  year = 2013,
  publisher = {SCITEPRESS}
}
	
@INPROCEEDINGS{stoerrle:mvc3f:making:sense,
  author = {St{\"o}rrle, Harald},
  title = {{Making Sense of UML Class Model Changes by Textual Difference Presentation}},
  pages = {1--6},
  crossref = "me:12"
}

@proceedings{me:12,
  title = {{Proc.\ Ws.\ Models and Evolution (ME)}},
  booktitle = {{Proc.\ Ws.\ Models and Evolution (ME)}},
  year = 2012,
  editor = {Tamzalit, Dalila and Schätz, Bernhard and Sprinkle, Jonathan and Pierantonio, Alfonso},
  publisher = {ACM DL}
}

@inproceedings{acretoaie:stoerrle:mq2,
  author = {Acretoaie, Vlad and St{\"o}rrle, Harald},
  title = {{MQ-2: A Tool for Prolog-based Model Querying}},
  pages = {328--331},
  crossref= "ecmfa:2012"
}

@conference{ecmfa:2012,
  title={{Eur.\ Conf.\ Proc.\ Modelling Foundations and Applications (ECMFA)}},
  booktitle={{Eur.\ Conf.\ Proc.\ Modelling Foundations and Applications (ECMFA)}},
  series = lncs,
  year= 2012, 
  Volume =7349,
  publisher=Springer
}

@inproceedings{stoerrle:vl4c:design,
  title = {{On the Impact of Layout Quality to Unterstanding UML Diagrams: Diagram Type and Expertise}},
  author = {St{\"o}rrle, Harald},
  pages = {195--202},
  crossref = "vlhcc:12"
 }

@proceedings{vlhcc:12,
  title = {{Proc.\ IEEE Symp.\ Visual Languages and Human-Centric Computing (VL/HCC'12)}},
  booktitle = {{Proc.\ IEEE Symp.\ Visual Languages and Human-Centric Computing (VL/HCC'12)}},
  year = 2012,
  editor = {Costagliola, Gennaro and Ko, Andrew and Cypher, Allen and Nichols, Jeffrey and Scaffidi, Christopher and Kelleher, Caitlin and Myers, Brad},
  publisher = {IEEE Computer Society}
}

@inproceedings{stoerrle:edp1:survey,
  title = {{What are the Characteristics of Engineering Desing Processes?}},
  author = {Maier, Anja and St{\"o}rrle, Harald},
  pages = {135--142},
  booktitle={{Proc.\ 18th Intl.\ Conf.\ Engineering Design (ICED), Vol. 1}},
  pages={188--198},
  year=2011
}

@article{stoerrle:mc1b:jsosym,
  title={{Towards Clone Detection in UML Domain Models}},
  author={St{\"o}rrle, Harald},
  journal=jsosym,
  NOnumber={tba},
  NOvolume={tba},
  year=2011,
  publisher = springer,
  NOissn = {1619-1366},
  NOpages = {1--23},
  NOurl = {http://dx.doi.org/10.1007/s10270-011-0217-9},
  note = {(in print)}
}

@inproceedings{stoerrle:vl4a:layout:impact,
  title = {{On the Impact of Layout Quality to Unterstanding UML Diagrams}},
  author = {St{\"o}rrle, Harald},
  pages = {135--142},
  crossref = "vlhcc:11b"
 }


@proceedings{stoerrle:mq4b:expressing:vlhcc,
  title = {{Expressing Model Constraints Visually with VMQL}},
  author = {St{\"o}rrle, Harald},
  pages = {195--202},
  crossref = "vlhcc:11b"
 }

% this is a copy fo the other bib db sometime, it needs to be here...
@proceedings{vlhcc:11b,
  key = {Myers},
  title = {{Proc.\ IEEE Symp.\ Visual Languages and Human-Centric Computing (VL/HCC'11)}},
  booktitle = {{Proc.\ IEEE Symp.\ Visual Languages and Human-Centric Computing (VL/HCC'11)}},
  year = 2011,
  Alleditor = {Costagliola, Gennaro and Ko, Andrew and Cypher, Allen and Nichols, Jeffrey and Scaffidi, Christopher and Kelleher, Caitlin and Myers, Brad},
  editor = {{G.\ Costagliola et al.}},
  author = {Myers, Brad and Costagliola, Gennaro and Ko, Andrew and Cypher, Allen and Nichols, Jeffrey and Scaffidi, Christopher and Lin, James and Kelleher, Caitlin}, 
  publisher = {IEEE Computer Society}
}


@inproceedings{stoerrle:wed3a:nosa,
  title={{Model driven development of user interface prototypes: an integrated approach}},
  author={St{\"o}rrle, Harald},
  pages={261--268},
  crossref="nwmode:10"
}

@inproceedings{stoerrle:mc1a:nosa,
  title={{Towards clone detection in UML domain models}},
  author={St{\"o}rrle, Harald},
  pages={285--293},
  crossref="nwmode:10"
}

@inproceedings{stoerrle:ms1:ecsa,
  author = {St{\"o}rrle, Harald},
  title = {{Structuring very large domain models: experiences from industrial MDSD projects}},
  pages = {49--54},
  year=2010,
  crossref ="nwmode:10"
}


@proceedings{nwmode:10,
  booktitle = {{Proc. 4th Eur.\ Conf.\ Sw.\ Architecture (ECSA'10): Companion Volume}},
  title     = {{Proc. 4th Eur.\ Conf.\ Sw.\ Architecture (ECSA'10): Companion Volume}},
  LONGbooktitle = {{Proc.\ 8th Nordic Ws.\ Model Driven Engineering (NW-MODE'10). Appeared as Proc. 4th Eur.\ Conf.\ Sw.\ Architecture (ECSA'10): Companion Volume}},
  WSeditor={Wasowski, Andrzej and Truscan, Dragos and Kuzniarz, Ludwik},
  THEnote = {{appeared as Proc. 4th Eur.\ Conf.\ Sw.\ Architecture (ECSA'10): Companion Volume, I.\ Gorton, C.E.\ Cuesta, M.A.\  Babar (eds.)}},
  editor={Gorton, Ian and Cuesta, Carlos E.\ and Babar, Muhammad Ali},
  year=2010,
  publisher={ACM}
}

@article{stoerrle:mq3b:jvlc,
  title = {{VMQL: A Visual Language for Ad-Hoc Model Querying}},
  author = {St{\"o}rrle, Harald},
  journal = {J.\ Visual Languages and Computing},
  publisher = {Elsevier},
  year = 2011,
  month = FEB,
  number = 1,
  volume = 22,
  nopages = {3--29}
 }
 
@inproceedings{stoerrle:mq2a:vll09,
  title = {{A logical model query interface}},
  author = {St{\"o}rrle, Harald},
  pages = {18--36},
  crossref = "vll:09"
 }
  
@conference{vll:09,
  editor = {Cox, Philip and Fish, Andrew and Howse, John},
  booktitle = {{Intl.\ Ws.\ Visual Languages and Logic (VLL'09)}},
  title = {{Intl.\ Ws.\ Visual Languages and Logic (VLL'09)}},
  year = 2009,
  publisher = {CEUR},
  volume = 510,
  extra = {Available at \url{ftp.informatik.rwthaachen.de/Publications/CEUR-WS}}
  }

@inproceedings{stoerrle:mq3:vlhcc09,
  title = {{VMQL: A Generic Visual Model Query Language}},
  author = {St{\"o}rrle, Harald},
  pages = {199--206},
  crossref = "vlhcc:09"
 }

@CONFERENCE{vlhcc:09,
  title = {{Proc.\ IEEE Symposium on Visual Languages and Human-Centric Computing (VL/HCC'09)}},
  booktitle = {{Proc.\ IEEE Symposium on Visual Languages and Human-Centric Computing (VL/HCC'09)}},
  year = 2009,
  editor = {Erwig, Martin and DeLine, Robert and Minas, Mark},
  publisher = {IEEE Computer Society}
}

@inproceedings{stoerrle:mq1:vll07,
  title = {{A PROLOG-based Approach to Representing and Querying UML Models}},
  author = {St{\"o}rrle, Harald},
  pages = {71--84},
  series = {CEUR-WS},
  OLDcrossref = {vll:07},
  editor = {Cox, Philip and Fish, Andrew and Howse, John},
  booktitle = {{Intl.\ Ws.\ Visual Languages and Logic (VLL'07)}},
  year = 2007,
  publisher = {CEUR},
  volume = 274,
  mynote = {Available at \url{ftp.informatik.rwthaachen.de/Publications/CEUR-WS}}
 }
  
@conference{vll:07,
  editor = {Cox, Philip and Fish, Andrew and Howse, John},
  booktitle = {{Intl.\ Ws.\ Visual Languages and Logic (VLL'07)}},
  title = {{Intl.\ Ws.\ Visual Languages and Logic (VLL'07)}},
  year = 2007,
  publisher = {CEUR},
  volume = 274,
  note = {Available at \url{ftp.informatik.rwthaachen.de/Publications/CEUR-WS/}}
  }
  
@inproceedings{fish:stoerrle:visual,
  title={{Visual qualities of the Unified Modeling Language: Deficiencies and Improvements}},
  author={Fish, Andrew and St{\"o}rrle, Harald},
  pages = {41--49},
  crossref = "vlhcc:07"
}

@CONFERENCE{vlhcc:07,
  title = {{Proc.\ IEEE Symposium on Visual Languages and Human-Centric Computing (VL/HCC'07)}},
  booktitle = {{Proc.\ IEEE Symposium on Visual Languages and Human-Centric Computing (VL/HCC'07)}},
  year = 2007,
  editor = {Cox, Phil and Hosking, John},
  publisher = {IEEE Computer Society}
}
  
@INPROCEEDINGS{stoerrle:mlm3:iasted,
  author = {St{\"o}rrle, Harald},
  title = {{Large Scale Modeling Efforts: A Survey on Challenges and Best Practices}},
  pages = {382--389},
  crossref = {iasted-se:07}
}

@PROCEEDINGS{iasted-se:07,
  year = 2007,
  editor = {Hasselbring, Wilhelm},
  publisher = {Acta Press},
  booktitle = {{Proc.\ IASTED Intl.\ Conf.\ Software Engineering}},
  isbn = {978-0-88986-641-6}
}

@inproceedings{stoerrle:mvc3a:hamburg,
  OLDKEY=stoerrle:cm3:approach,
  title = {{An approach to cross-language model versioning}},
  author = {St{\"o}rrle, Harald},
  NOpages = {--},
  crossref = "vvuu:07"
}

@proceedings{vvuu:07,
  editor = {Udo Kelter},
  title = {{Proc.\ Ws.\ Versionierung und Vergleich von UML Modellen (VVUU'07)}},
  booktitle = {{Proc.\ Ws.\ Versionierung und Vergleich von UML Modellen (VVUU'07)}},
  publisher = {Gesellschaft f\"ur Informatik},
  month = May,
  year = 2007,
  note = {appeared in Softwaretechnik-Trends 2(27)2007}
}

@INPROCEEDINGS{glock:stoerrle:agile,
  author = {Glock, Wolfgang and St{\"o}rrle, Harald},
  title = {{Agile Steuerung eines Großprojektes über fachliche Anforderungen}},
  pages = {{??--??}},
  crossref = {GI-FG-RE-2006}
}

@CONFERENCE{vlhcc:05,
  booktitle = {{Proc.\ IEEE Symp.\ Visual Languages and Human Centric Computing (VL/HCC'05)}},
  title = {{Proc.\ IEEE Symp.\ Visual Languages and Human Centric Computing (VL/HCC'05)}},
  year = 2005,
  editor = {Erwig, Martin and Sch{\"u}rr, Andy},
  author = {Erwig, Martin and Sch{\"u}rr, Andy},
  publisher = ieee
}

@INPROCEEDINGS{stoerrle:ad:controlflow,
  author = {St{\"o}rrle, Harald},
  title = {{Semantics of Control-Flow in UML 2.0 Activities}},
  pages = {235--242},
  crossref = {vlhcc:04}
}

@ARTICLE{stoerrle:cm3:approach:stt,
  author = {St{\"o}rrle, Harald},
  title = {{An approach to cross-language model versioning}},
  journal = stt,
  volume = {27},
  NOpages = {--},
  number = {2},
  month = MAY,
  crossref = {se07-ws:07}
}
	

@INPROCEEDINGS{stoerrle:mvc3d:formal,
  oldIdWas={cm4},
  author = {St{\"o}rrle, Harald},
  title = {{A formal approach to the cross-language version management of models}},
  pages = {83--97},
  crossref = {nwmode:07}
}

@inproceedings{stoerrle:pad17:comparison,
  author = {St{\"o}rrle, Harald},
  title = {{A Comparison of (e)EPCs and UML 2 Activity Diagrams}},
  pages ={177--189},
  crossref = {epk:06}
}

@INPROCEEDINGS{stoerrle:fbvs,
  author = {St{\"o}rrle, Harald},
  title = {{A Petri-Net Semantics for Sequence Diagrams}},
  crossref = {fbvs:99}
}

@INPROCEEDINGS{stoerrle:group,
  author = {St{\"o}rrle, Harald},
  title = {{Group Exercises for the Design and Validation of Graphical User
	Interfaces}},
  pages = {135--146},
  crossref = {modellierung:02}
}

@INPROCEEDINGS{stoerrle:iad:negative,
  author = {St{\"o}rrle, Harald},
  title = {{Assert, Negate and Refinement in UML-2 Interactions}},
  pages = {79-94},
  crossref = {csduml:03}
}

@INPROCEEDINGS{stoerrle:iad:positive,
  author = {St{\"o}rrle, Harald},
  title = {{Semantics of Interactions in UML 2.0}},
  pages = {129-136},
  crossref = {vlfm:03}
}

@INPROCEEDINGS{stoerrle:momat:3,
  author = {St{\"o}rrle, Harald},
  title = {{A Lightweight Platform for Experimenting with Model Driven Development}},
  pages = {??--??},
  crossref = {??}
}

@INPROCEEDINGS{stoerrle:nosa,
  author = {St{\"o}rrle, Harald},
  title = {{Architectural modeling with the UML}},
  crossref = {nosa:99}
}

@INPROCEEDINGS{stoerrle:omer,
  author = {St{\"o}rrle, Harald},
  title = {{A different notion of components}},
  crossref = {omer:99}
}

@INPROCEEDINGS{stoerrle:pp-1,
  author = {St{\"o}rrle, Harald},
  title = {{Describing Process Patterns with UML}},
  pages = {173--181},
  crossref = {ewspt:01}
}

@INPROCEEDINGS{stoerrle:pp-2,
  author = {St{\"o}rrle, Harald},
  title = {{Describing Fractal Processes with UML}},
  pages = {282--296},
  crossref = {profes:01}
}

@INPROCEEDINGS{stoerrle:turning,
  author = {St{\"o}rrle, Harald},
  title = {{Turning UML Subsystems into Architectural Units}},
  crossref = {icse:01:amws}
}

@INPROCEEDINGS{stoerrle:uml00,
  author = {St{\"o}rrle, Harald},
  title = {{Some Questions Concerning Interactions and State Machines}},
  pages = {106-111},
  crossref = {reggio:et:al:dynamic}
}

@INPROCEEDINGS{stoerrle:ad:dataflow,
  author = {St{\"o}rrle, Harald},
  title = {{Semantics and Verification of Data-Flow in UML 2.0 Activities}},
  year = {2004},
  pages = {38--52},
  note = {available at \url{www.pst.ifi.lmu.de/~stoerrle}},
  crossref = {vlfm:04}
}

@INPROCEEDINGS{stoerrle:ad:expansion,
  author = {St{\"o}rrle, Harald},
  title = {{Semantics of Expansion Nodes in UML 2.0 Activities}},
  year = {2004},
  pages = {19--32},
  crossref = {nwuml:04}
}

@INPROCEEDINGS{stoerrle:mosaic:overview,
  author = {St{\"o}rrle, Harald},
  title = {{MOSAIC -- A Method Of System Architecture Inception and Construction}},
  year = {2004},
  note = {submitted to WITSE'04, June, $21^{st}$, available at \url{www.pst.ifi.lmu.de/~stoerrle}},
  crossref = {witse:04},
  optpages = {??}
}

@INPROCEEDINGS{stoerrle:hausmann:ad:limits,
  author = {St{\"o}rrle, Harald and Hausmann, Jan Hendrik},
  title = {{Obstacles on the Way Towards a Formal Semantics of UML 2.0 Activities}},
  pages = {117--128},
  crossref = "se:05"
}

@INPROCEEDINGS{wirsing:stoerrle:debugging,
  author = {Wirsing, Martin and St{\"o}rrle, Harald},
  title = {{Debugging ROOM Designs using High-Level-Petri-Nets}},
  crossref = {cptmcbs:99},
  optpages = {??}
}

@CONFERENCE{modellierung:02,
  author = {Glinz, Martin and M{\"u}ller-Luschnat, G{\"u}nther},
  title = {{Proc.\ Modellierung 2002}},
  booktitle = {{Proc.\ Modellierung 2002}},
  year = {2002},
  editor = {Glinz, Martin and M{\"u}ller-Luschnat, G{\"u}nther},
  number = {P-12},
  series = {{Lecture Notes in Informatics}},
  publisher = {{Gesellschaft f\"ur Informatik}}
}

@INBOOK{glock:stoerrle:gpm,
  title = {{Geschäftsprozessmodellierung f{\"u}r Service-Orientierte Architekturen}},
  publisher = {{Deutscher Universitätsverlag/Gabler Edition Wissenschaft}},
  year = {2007},
  editor = {Nissen, V. and Petsch, M. and Schorcht, H.},
  author = {Glock, Wolfgang and St{\"o}rrle, Harald},
  booktitle = {{Service-orientierte Architekturen}}
}

@CONFERENCE{vlfm:04,
  author = {Minas, Mark},
  title = {{Proc.\ Intl.\ Ws.\ on Visual Languages and Formal Methods (VLFM'04)}},
  booktitle = {{Proc.\ Intl.\ Ws.\ on Visual Languages and Formal Methods (VLFM'04)}},
  year = {2004},
  editor = {Minas, Mark},
  publisher = IEEE,
  note = {to appear also as an ENTCS issue},
  optnumber = {t.b.d.},
  optseries = {{ENTCS}}
}

@CONFERENCE{vlfm:04:entcs,
  author = {Minas, Mark},
  title = {{Proc.\ Intl.\ Ws.\ on Visual Languages and Formal Methods (VLFM'04)}},
  booktitle = {{Proc.\ Intl.\ Ws.\ on Visual Languages and Formal Methods (VLFM'04)}},
  year = {2004},
  editor = {Minas, Mark},
  series = {{ENTCS}},
  publisher = kluwer,
  optnumber = {t.b.d.}
}

@CONFERENCE{witse:04,
  author = {N.N.},
  title = {{Proc.\ Ws.\ on Intelligent Technologies for Software Engineering
	(WITSE)}},
  booktitle = {{Proc.\ Ws.\ on Intelligent Technologies for Software Engineering
	(WITSE)}},
  year = {2004},
  editor = {N.N.},
  number = {t.b.d.}
}

@TECHREPORT{stoerrle:momat:0,
  author = {St\"orrle, Harald},
  title = {{MoMaT - A Lightweight Platform for Experimenting with Model Driven Development}},
  institution = lmu,
  year = {2005},
  number = {0504},
  month = MAR,
  annnote = {downloadable from \url{www.pst.ifi.lmu.de/~stoerrle}},
  annote = {ziel ist die möglichst weite Verbreitung}
}

@TECHREPORT{stoerrle:diplom,
  author = {St\"orrle, Harald},
  title = {Strukturbisimulation auf h\"oheren {P}etrinetzen},
  institution = fbi,
  year = {1997},
  type = {Diplomarbeit}
}

@PROCEEDINGS{nwmode:07,
  title = {{Proc.\ 5th Nordic Ws.\ Model Driven Engineering (NW-MODE'07)}},
  editor={Kuzniarz, Ludwik and Staron, Miroslaw and Syst{\"a}, Tarja and Persson, Mia},
  publisher = {Blekkinge Tekniska Högskolan},
  EXTRAauthor = {Staron, Miroslaw},
  booktitle = {{Proc.\ 5th Nordic Ws.\ Model Driven Engineering (NW-MODE'07)}},
  EXTRAisbn = {978-91-7295-985-9},
  month = Aug,
  year = 2007
}

@INPROCEEDINGS{stoerrle:awpn,
  author = { St{\"o}rrle, Harald},
  title = {{Erfahrungen aus einer Vergleichsstudie {\"u}ber Petri-Netz-Werkzeuge}},
  booktitle = {Proc.\ {A}lgorithmen und {W}erkzeuge f{\"u}r {P}etri-{N}etze (AWPN'98)},
  year = {1998},
  editor = {Desel, J{\"o}rg and Kemper, Peter and Kindler, Ekkart and Oberweis,
	Andreas},
  note = {appeared as {R}esearch {R}eport {N}o. 694 of {F}achbereich {I}nformatik,
	{U}niversit{\"a}t {D}ortmund}
}

@INPROCEEDINGS{stoerrle:pp-3,
  author = {St{\"o}rrle, Harald},
  title = {{Describing Process Patterns with UML}},
  booktitle = {{Software Process Improvement. CMM \& SPICE in Practice}},
  year = {2002},
  editor = {Koch, Nora},
  number = {13},
  series = {Reihe Softwaretechnik},
  pages = {89--109},
  address = {{M\"unchen}},
  publisher = {ASQF Uni-Druck}
}

@ARTICLE{stoerrle:ad:dataflow:entcs,
  author = {St{\"o}rrle, Harald},
  title = {{Semantics and Verification of Dataflow in UML 2.0 Activities}},
  journal = entcs,
  year = {2005},
  volume = {127},
  number = {4},
  optpages = {1--24},
  publisher = {{Elsevier}}
}

@BOOK{stoerrle:uml2ee,
  title = {{UML 2 erfolgreich einsetzen}},
  publisher = aw,
  year = {2005},
  author = {St{\"o}rrle, Harald}
}

@BOOK{stoerrle:uml2fs,
  title = {{UML 2 f\"ur Studenten}},
  publisher = {{Pearson Studium}},
  year = {2005},
  author = {St{\"o}rrle, Harald}
}

@ARTICLE{stoerrle:ad:exceptions,
  author = {St{\"o}rrle, Harald},
  title = {{Semantics of Exceptions in UML 2.0 Activities}},
  year = {2004},
  note = {submitted to Journal of Software and Systems Modeling, May, $9^\mathit{th}$,
	available at \url{www.pst.ifi.lmu.de/~stoerrle}},
  optjournal = {{Journal of Software and Systems Modeling}},
  optnumber = {t.b.d.},
  optvolume = {t.b.d.}
}

@TECHREPORT{stoerrle:ad:exceptions-tr,
  author = {St{\"o}rrle, Harald},
  title = {{Semantics of Exceptions in UML 2.0 Activities}},
  institution = lmu2,
  year = {2004},
  number = {0403},
  note = {available at \url{www.pst.ifi.lmu.de/~stoerrle}}
}

@ARTICLE{stoerrle:ad:expansion:njc,
  author = {St{\"o}rrle, Harald},
  title = {{Semantics of Expansion Nodes in UML 2.0 Activities}},
  journal = njc,
  year = {2004},
  volume = {11},
  pages = {1--24},
  number = {3},
  publisher = {{Publishing Association Nordic Journal of Computing}}
}

@ARTICLE{stoerrle:iad:jvlc,
  author = {St{\"o}rrle, Harald},
  title = {{Trace Semantics of Interactions in UML 2.0}},
  year = {2004},
  note = {submitted to J.\ Visual Languages and Computing, February, $13^{th}$,
	available at \url{www.pst.ifi.lmu.de/~stoerrle}},
  opteditor = {N.N.},
  optjournal = {{J.\ Visual Languages and Computing}},
  optmonth = {t.b.d.},
  optpublisher = {#elsevier#}
}

@TECHREPORT{stoerrle:iad:techreport,
  author = {St{\"o}rrle, Harald},
  title = {{Towards a complete Semantics of Interactions in UML 2.0}},
  institution = lmu2,
  year = {2003},
  number = {0304}
}

@TECHREPORT{stoerrle:ewspt-full,
  author = {St{\"o}rrle, Harald},
  title = {{Describing Process Patterns with UML}},
  institution = pst,
  year = {2001}
}

@PHDTHESIS{stoerrle:diss,
  author = {St{\"o}rrle, Harald},
  title = {{Models of Software Architecture. Design and Analysis with UML and
	Petri-nets}},
  school = lmu,
  year = {2000},
  month = DEC,
  note = {ISBN 3-8311-1330-0},
  optaddress = {Stoerrle@web.de},
  publisher = {BoD}
}

@UNPUBLISHED{stoerrle:esec99,
  author = {St{\"o}rrle, Harald},
  title = {Analyzing Behavioural Designs},
  note = {submitted to ESEC},
  year = {1999},
  institution = pst,
  school = pst
}

@UNPUBLISHED{stoerrle:uml99,
  author = {St{\"o}rrle, Harald},
  title = {Towards a denotational semantics of dynamic aspect of {UML/RT}},
  note = {submitted to {UML}},
  year = {1999},
  institution = pst,
  school = pst
}

@TECHREPORT{stoerrle:umlrt,
  author = {St{\"o}rrle, Harald},
  title = {{UML} for {R}eal-{T}ime: a different approach},
  institution = pst,
  year = {1999},
  annote = {hab ich den je veröffentlicht?!}
}

@TECHREPORT{stoerrle:survey,
  author = {St{\"o}rrle, Harald},
  title = {{An Evaluation of High-End Tools for Petri-Nets}},
  institution = lmu,
  year = {1998},
  number = {9802}
}

@OTHER{GI-FG-RE2006,
  booktitle = {{Jahrestreffen der GI Fachgruppe Requirements Engineering (GI-FG
	RE'06)}},
  editor = {??},
  month = NOV,
  note = {{also appeared in Softwaretechnik-Trends 27(1)2007}},
  publisher = {??},
  year = {2006}
}

@PROCEEDINGS{profes:01,
  title = {{Proc.\ Intl.\ conf.\ Product Focused Software Process Improvement
	(Profes'01)}},
  year = {2001},
  editor = {Bomarius, Frank and Komi-Sirvi{\"o}, Seija},
  number = {2188},
  series = lncs,
  publisher = springer,
  booktitle = {{Proc.\ Intl.\ conf.\ Product Focused Software Process Improvement
	(Profes'01)}}
}

@CONFERENCE{nosa:99,
  booktitle = {{Nordic Workshop on Software Architectures (NOSA'99)}},
  year = {1999},
  editor = {Bosch, Jan}
}

@CONFERENCE{vlhcc:04,
  title = {{Proc.\ IEEE Symposium on Visual Languages and Human-Centric Computing
	(VL/HCC)}},
  booktitle = {{Proc.\ IEEE Symposium on Visual Languages and Human-Centric Computing
	(VL/HCC)}},
  year = {2004},
  editor = {Bottoni, Paolo and Hundhausen, Chris and Levialdi, Stefano and Tortora,
	Genny},
  publisher = {IEEE Computer Society}
}

@CONFERENCE{ewspt:01,
  booktitle = {{Proc.\ Eur. Ws.\ Software Process Technology}},
  year = {2001},
  editor = {Cignioni, Giovanni A.},
  number = {2077},
  series = lncs,
  publisher = springer
}

@CONFERENCE{vlfm:03,
  title = {{Human Centric Computing Languages and Environments}},
  booktitle = {{Human Centric Computing Languages and Environments}},
  year = {2003},
  editor = {Hosking, John and Cox, Philip},
  publisher = {IEEE Computer Society},
  annote = {ISBN 0-7803-8225-0}
}

@CONFERENCE{csduml:03,
  title = {{Proc.\ Ws.\ Critical Systems Development with UML}},
  booktitle = {{Proc.\ Ws.\ Critical Systems Development with UML}},
  year = {2003},
  editor = {J{\"u}rjens, Jan and Rumpe, Bernhard and France, Robert and Fernandey,
	Eduardo B.},
  annote = {2766},
  institution = tum
}

@PROCEEDINGS{se:05_clone,
  title = {{Proc.\ Natl.\ Germ.\ Conf.\ Software-Engineering 2005 (SE'05)}},
  year = 2005,
  editor = {Pohl, Klaus},
  number = {P-64},
  series = lni,
  publisher = gi,
  booktitle = {{Proc.\ Natl.\ Germ.\ Conf.\ Software-Engineering 2005 (SE'05)}}
}

@CONFERENCE{nwuml:04,
  title = {{Proc.\ $2^\mathit{nd}$ Nordic Ws.\ on UML, Modeling, Methods and
	Tools (NWUML'04))}},
  booktitle = {{Proc.\ $2^\mathit{nd}$ Nordic Ws.\ on UML, Modeling, Methods and
	Tools (NWUML'04)}},
  year = {2004},
  editor = {Porres, Ivan},
  optnumber = {t.b.d.}
}

@CONFERENCE{omer:99,
  booktitle = {{Object-Oriented Modelling of Real-Time Systems (OMER'99)}},
  year = {1999},
  editor = {Sch{\"u}rr, Andreas and Hofmann, Peter},
  publisher = {Universit{\"a}t der Bundeswehr, M{\"u}nchen, Fakult{\"a}t f{\"u}r
	Informatik, Bericht Nr.~1999-01}
}

@CONFERENCE{fbvs:99,
  title = {{9. GI/ITG Fachgespr{\"a}ch Formale Beschreibungstechniken f{\"u}r
	verteilte Systeme (FBT'99)}},
  booktitle = {{9. GI/ITG Fachgespr{\"a}ch Formale Beschreibungstechniken f{\"u}r
	verteilte Systeme (FBT'99)}},
  year = {1999},
  editor = {Spies, Katharina and Sch{\"a}tz, Bernhard},
  month = {June}
}

@PROCEEDINGS{icse:01:amws,
  title = {{Intl.\ Ws.\ on Describing Software Architectures with UML (at ICSE)}},
  year = {2001},
  publisher = {IEEE},
  note = {WAR DAS NICHT EIN TECHREPORT DER TUM?},
  booktitle = {{Intl.\ Ws.\ on Describing Software Architectures with UML (at ICSE)}}
}

@CONFERENCE{cptmcbs:99,
  title = {Proc.\ $1^\mathit{st}$ Colloquium on Petri Net Technologies for Modelling
	Communication Based Systems},
  year = {1999},
  month = oct,
  publisher = {Fraunhofer Gesellschaft, ISST}
}

